SELLER_GSTIN,PURCHASER_GSTIN,FILING_PERIOD,INVOICE_NUM,INVOICE_DATE,QUANTITY,TAXABLE_AMOUNT,TAX_RATE,CGST,SGST,IGST,CESS
80E18AC42B,325EDDD715,,9140389879,2018-03-02,2,2601847.17,12,0.0,0.0,312221.66,0.0
776BBCB820,262EA86704,,HR6616004285,2018-03-17,1,916689.15,18,,,165004.05,
5A4FC8F226,AA67FDC3A6,,04B045/19268,2018-03-05,1,41457.97,5,,,2072.9,5796.0
E7A5A47B46,37626EC80E,,3150,2018-01-16,1,39873.45,28,5582.28,5582.28,,0.0
6920AA6331,36DB0ABC9A,,RICE-343,2018-03-10,1,771169.0,0,0.0,0.0,,0.0
7505EF1EFB,7D1D2B2F65,,005/BI/17000723,2018-01-27,1801,7242.0,18,651.78,651.78,,0.0
5DA0527958,294205D6E0,,V171807470,2018-03-30,2,5000.0,18,,,900.0,0.0
099952F740,6C1197F1E9,,MST02082,2018-03-25,1,2544.65,5,63.62,63.62,,0.0
2242D4F292,DE082D3E0E,,ST0980005056,2017-12-12,2801,29525.0,28,,,8267.0,0.0
62CD3BF990,1D916FB203,,3702014190,2018-02-23,1801,840691.8,18,,,151324.52,0.0
F4E518B376,48BE3A00A8,,17-12775,2018-01-31,1801,3474.8,18,,,625.46,0.0
6920AA6331,6186DCE398,,1009,2018-01-12,2,767234.0,0,0.0,0.0,,0.0
B64AAF6835,FA8D45A223,,8952029515,2018-03-04,1,38768.1,28,0.0,0.0,10855.07,0.0
CADC29DB4C,48F5207202,,22669,2018-01-21,1,2875.0,12,,,345.0,0.0
C9202698C4,49EE49A118,,1857,2018-01-19,1,181292.0,18,16316.28,16316.28,,
E7A5A47B46,43212548D6,012018,4471,2018-01-01,1801,26469.0,18,,,4764.42,0.0
86DFEB0A3F,4D7C1CC30C,012018,SIMH171803165,2018-01-31,1801,39999.0,18,,,7199.82,0.0
C15EA8D5A2,E7B13D0F4D,012018,HR2170610861,2018-01-15,1,3500.0,18,0.0,0.0,630.0,0.0
824D0342B8,5B09FA7004,012018,10101678,2018-01-22,1,679500.0,5,0.0,0.0,33975.0,0.0
A5227F3731,6E6B4743D5,012018,PCC/17-18/0846,2018-01-09,1,727.0,18,,,130.86,0.0
776BBCB820,0B3D8AB3C5,012018,T-1224,2018-01-12,101,2510.0,18,225.9,225.9,0.0,0.0
3536A3DD25,B107F7DDBF,012018,630,2018-01-01,1,3788.0,18,0.0,0.0,681.84,0.0
B64AAF6835,FA8D45A223,012018,8953024704,2018-01-09,1,67067.25,28,0.0,0.0,18778.83,0.0
65B11036F4,8A3A467E72,012018,031801G10006633,2018-01-03,1,53830.53,18,4844.75,4844.75,,0.0
A688617A12,7E4B9FB459,012018,FGP/17/P/10996,2018-01-07,2801,112500.0,28,,,31500.0,0.0
A7D3CEE190,FE75D160C8,012018,1118727688,2018-01-04,1,2037330.4,12,,,244479.6,
F3D1E24350,A62B9D2D0C,012018,0017059027,2018-01-04,1801,1060721.1,18,,,190929.8,0.0
7EC06C0F12,98DBA6A4C3,012018,24113002016507,2018-01-28,1,1950690.0,18,0.0,0.0,351124.0,0.0
5A4FC8F226,AA67FDC3A6,012018,04B045/20708,2018-01-12,1,42487.99,5,,,2124.4,5940.0
62CD3BF990,62CB2D3C4D,012018,GSTV-13708,2018-01-16,1801,564.2,18,50.78,50.78,,0.0
A5227F3731,9FC8EC6C3B,012018,341,2018-01-25,1,78500.0,18,7065.0,7065.0,,
62CD3BF990,A99F0E58FF,012018,3706033736,2018-01-09,2,49374.0,12,0.0,0.0,5924.87,
776BBCB820,7CDC422324,012018,AMI/17-18/739,2018-01-21,1800,550647.0,18,,,99116.46,
7505EF1EFB,963C395415,012018,JVPL/A18V03370,2018-01-30,2801,3790.0,28,530.6,530.6,,0.0
62CD3BF990,62CB2D3C4D,012018,GSTV-13842,2018-01-17,1801,1200.0,18,108.0,108.0,,0.0
62CD3BF990,D68593B603,012018,3709006898,2018-01-01,1,1697397.0,5,0.0,0.0,84869.85,
BE46B01E78,D3CFB6E8EA,012018,2709848340,2018-01-27,1,874125.0,12,0.0,0.0,104895.0,0.0
5DA0527958,F5353C4745,012018,DL/7494/2017-18,2018-01-22,1,2376.5,18,,,427.77,0.0
776BBCB820,0F7D7CD530,012018,5396201399,2018-01-04,1,4189.97,18,,,754.19,
3536A3DD25,AD2FE8E06E,012018,2017/M1000003759,2018-01-08,1801,4250.01,18,,,765.0,0.0
96213E7C2C,EFFF14DCCC,012018,1138456084,2018-01-23,2801,222498.6,28,,,62299.61,0.0
BE46B01E78,D3CFB6E8EA,012018,4613001985,2018-01-30,1,729333.0,12,0.0,0.0,87519.96,0.0
44C4210B8E,FF8FCB55FB,012018,DH741143,2018-01-09,1,8792.0,5,,,439.6,0.0
2DCA4E61B2,9921FB53D5,012018,JPL/17-18/04867,2018-01-11,1200,69660.0,12,,,8359.2,0.0
099952F740,A59DE9EB25,012018,MH0430015622,2018-01-27,1201,13088.54,12,,,1570.62,0.0
B64AAF6835,FA8D45A223,012018,8953023426,2018-01-02,1,111778.75,28,0.0,0.0,31298.05,0.0
C57190D82A,7CEE6F87E2,012018,175,2018-01-01,1,25112.0,18,2260.08,2260.08,,0.0
C87EDD8683,1311D0C42C,012018,INVUP0000003538,2018-01-01,1801,37981.0,18,,,6836.58,0.0
A2A1EFDBE6,0FF6759AB7,012018,4610044730,2018-01-30,1,25018.0,18,2251.62,2251.62,,
CADC29DB4C,4424B09892,012018,G2018001112,2018-01-24,2801,2580.0,28,361.2,361.2,,0.0
C1C058DFB2,A83517B656,012018,008457,2018-01-17,1801,13300.0,18,,,2394.0,0.0
25494F79FA,DA0A0DFAB7,012018,MAP1803134773434,2018-01-31,1,400.0,18,,,72.0,
8749F52DE8,03F3AAF37F,012018,83560650814,2018-01-18,2,1874.0,28,262.36,262.36,,0.0
A688617A12,7E4B9FB459,012018,FGP/17/P/12025,2018-01-29,2801,112500.0,28,,,31500.0,0.0
2B8494EEE3,EFF708C55F,012018,1745013401,2018-01-24,1,1379100.0,18,0.0,0.0,248238.0,0.0
A7D3CEE190,D4C0864609,012018,TML/PP/1718/1848,2018-01-05,1,679794.0,12,0.0,0.0,81575.28,0.0
65B11036F4,6BC81CDCA2,012018,SDWJKTTPB1712008,2018-01-11,1,28.04,18,0.0,0.0,5.05,0.0
F4F23F71CC,B3EB95299E,012018,2762,2018-01-16,1801,890.0,18,80.1,80.1,,0.0
6920AA6331,7433F02759,012018,R-1025,2018-01-30,1,6164512.55,0,0.0,0.0,,
824D0342B8,8A70FD8BB3,012018,13218/0000251610,2018-01-04,1,11240.0,5,0.0,0.0,562.0,0.0
C44FFF7C7A,21D79BDA25,012018,4017507347,2018-01-26,1800,208800.0,18,,,37584.0,0.0
65B11036F4,514BBEED72,012018,DR1000001874,2018-01-12,1801,76.27,18,,,13.73,0.0
B017546699,7C0F2B0C3C,012018,A8319190118L,2018-01-19,1801,15217.5,18,1369.58,1369.58,,0.0
9B80ACFC15,8E161D8915,012018,DI-L129/17-18,2018-01-30,1800,47561.0,18,,,8560.98,
6920AA6331,C04864C61E,012018,519,2018-01-08,1,1539882.2,0,0.0,0.0,0.0,0.0
824D0342B8,3D05426DAB,012018,G/1369,2018-01-30,2,37911.29,18,,,6824.03,0.0
6920AA6331,6C38DF537E,012018,BB/FRT/1718/0299,2018-01-10,1,69199.0,18,0.0,0.0,12455.82,0.0
5DA0527958,E53FEB2CEB,012018,MT/GJ10586/1718,2018-01-08,1801,4700.0,18,,,846.0,0.0
824D0342B8,79555279E7,012018,05177,2018-01-22,1,2577.84,12,154.67,154.67,,0.0
C0CDC4F754,CA2B65EED4,012018,CHD7205204,2018-01-09,1,292.0,18,,,52.56,0.0
73D046461A,C2C0A447FC,012018,T-378,2018-01-13,101,9765.62,28,1367.19,1367.19,0.0,0.0
C9202698C4,5B4D531AD9,012018,SG/193/17-18,2018-01-17,1801,4233.3,18,,,761.99,0.0
F4E518B376,65B11036F4,012018,4320819981,2018-01-15,1,299.0,18,26.91,26.91,0.0,0.0
9B80ACFC15,D13BF195CA,012018,4079FMBIL0019586,2018-01-09,1801,3500.0,18,315.0,315.0,,0.0
A515052EAE,54C5E0676F,012018,G788206,2018-01-12,1801,590029.66,18,,,106205.34,0.0
0FF6759AB7,EAEB4709CB,012018,4540075553,2018-01-04,1,804057.58,5,,,40202.88,
F3D1E24350,A62B9D2D0C,012018,0017011108,2018-01-31,1801,396570.23,18,,,71382.64,0.0
824D0342B8,D7F0338E96,012018,H8000014,2018-01-09,1801,440.0,18,,,79.2,0.0
B64AAF6835,FA8D45A223,012018,8953026731,2018-01-20,1,111778.75,28,0.0,0.0,31298.05,0.0
2DCA4E61B2,4920CFCF5C,012018,577,2018-01-10,1201,964650.0,12,,,115758.0,0.0
44C4210B8E,02BBF24E95,012018,DCXLHRJL35003,2018-01-31,501,183.0,5,,,9.15,0.0
B64AAF6835,FA8D45A223,012018,8953028570,2018-01-29,1,67997.1,28,0.0,0.0,19039.19,0.0
F4E518B376,418E3CFC45,012018,C03118R000112,2018-01-31,1,4224.44,18,380.2,380.2,,
A6448C243D,65B11036F4,012018,4320823065,2018-01-25,1,1026.0,18,92.34,92.34,0.0,0.0
7505EF1EFB,126885DC21,012018,PB08DU7370,2018-01-23,1,1843.61,18,165.92,165.92,,0.0
65B11036F4,4C9C1254D6,012018,33127080001687,2018-01-05,1,4.31,18,,,0.78,
E9A71DE9AC,8BAD56BE10,012018,1610014574,2018-01-18,1801,2937600.0,18,,,528768.0,0.0
A7215054CB,CFF57666A7,012018,TRPLOGS725,2018-01-18,1,229635.0,5,,,11481.75,14580.0
D418B1AEB2,B77A5168B0,012018,NDCPB0002345629,2018-01-05,1,1495.0,18,134.55,134.55,0.0,0.0
A5227F3731,4D0958D30E,012018,PBPO0005586676,2018-01-05,1,525.0,18,47.25,47.25,,
39CBE490DA,6EFA7B405D,012018,03171809TI001265,2018-01-31,1801,4000.0,18,360.0,360.0,,0.0
96213E7C2C,EFFF14DCCC,012018,1138455938,2018-01-16,1801,2954738.04,18,,,531852.85,0.0
B64AAF6835,0379FAAB49,012018,GIPL170549,2018-01-22,501,88263.0,5,,,4413.15,0.0
446822C03B,DC8C97A14B,012018,3346,2018-01-25,1801,187920.0,18,,,33825.6,0.0
0FF6759AB7,3CFC218C41,012018,PB1100055574,2018-01-29,501,704142.17,5,17603.55,17603.55,,0.0
C44FFF7C7A,398C7082EB,012018,IN0001115329,2018-01-22,1,75504.0,12,,,9060.48,
C1C058DFB2,4954D8982D,012018,QACA1718/05071,2018-01-05,1801,5000.0,18,,,900.0,0.0
F4E518B376,410127754A,012018,17470,2018-01-10,1,3125.0,18,281.25,281.25,,0.0
0F08B6DF08,E306607037,012018,2118702230004864,2018-01-17,1,123630.19,28,0.0,0.0,34616.45,0.0
F3D1E24350,A62B9D2D0C,012018,0017063311,2018-01-31,1801,133740.0,18,,,24073.2,0.0
C1C058DFB2,A83517B656,012018,008553,2018-01-27,1801,14650.0,18,,,2637.0,0.0
8381D0626D,11D87D3B83,012018,UMAX/17-18/3537,2018-01-18,1801,160782.0,18,,,28940.76,0.0
65B11036F4,342C35FFBB,012018,WB1718ASDEC00128,2018-01-08,1,15.98,18,0.0,0.0,2.88,0.0
6920AA6331,C04864C61E,012018,485,2018-01-05,1,1535249.41,0,0.0,0.0,0.0,0.0
B64AAF6835,C09D5ACE3D,012018,022-9651/17-BER,2018-01-20,1,102956.25,28,14413.88,14413.88,,
F4F23F71CC,5BE3D3B917,012018,IPB00DDLE0021052,2018-01-24,1,60.0,18,5.4,5.4,,
6920AA6331,30868A6388,012018,416,2018-01-04,1,5370860.99,0,0.0,0.0,,0.0
62CD3BF990,1D916FB203,012018,3702012363,2018-01-04,1801,522522.0,18,,,94053.96,0.0
B64AAF6835,FA8D45A223,012018,8953023476,2018-01-02,1,112367.75,28,0.0,0.0,31462.97,0.0
8749F52DE8,2FE67CF84B,012018,PB/RB/75/17-18,2018-01-11,1,15984.0,18,0.0,0.0,2877.12,0.0
6920AA6331,4559B3F23D,012018,856,2018-01-05,1,2322024.0,0,0.0,0.0,,
B64AAF6835,FA8D45A223,012018,8953026828,2018-01-20,1,67067.25,28,0.0,0.0,18778.83,0.0
8749F52DE8,A422A99DA5,012018,09LNS0026301,2018-01-30,1,17842222.5,12,,,2141066.7,
7505EF1EFB,A91332CAD2,012018,11502CA18V7656,2018-01-05,2,2170.0,28,303.8,303.8,,0.0
D700E408A8,F06BA4CA47,012018,1692,2018-01-23,1,110979.0,18,9988.11,9988.11,,0.0
A515052EAE,B465DF528F,012018,Q814632,2018-01-10,1801,88153.8,18,,,15867.68,0.0
C15EA8D5A2,B77A5168B0,012018,NDCPB0002364870,2018-01-22,1,15745.1,18,1417.06,1417.06,0.0,0.0
D2D5838FE3,F67D59D86B,012018,KFL137,2018-01-08,501,724671.0,5,18116.78,18116.78,,0.0
D418B1AEB2,9A3DC12E25,012018,20180000000540,2018-01-24,1801,1405.8,18,126.52,126.52,,0.0
824D0342B8,6D19D34A17,012018,0480/1718,2018-01-10,1800,24771.0,18,,,4458.78,
824D0342B8,3D05426DAB,012018,G/1364,2018-01-30,1,26306.45,18,,,4735.16,0.0
5A4FC8F226,8414900739,012018,AEPL/G/17-18/324,2018-01-09,1800,168004.7,18,,,30240.85,
5DA0527958,12AEE29D46,012018,TN/JAN18/101028,2018-01-30,1,11115.0,5,0.0,0.0,650.0,0.0
80E18AC42B,2116F0C5F6,012018,9190060453,2018-01-04,2,166543.56,18,0.0,0.0,29977.84,0.0
8749F52DE8,BABC2D11EC,012018,IWS/17-18/14746,2018-01-16,1801,31020.34,18,,,5583.66,0.0
62CD3BF990,9D153A1309,012018,CHSAL110601718,2018-01-29,1,17052.05,18,0.0,0.0,3069.37,0.0
73D046461A,57EB146356,012018,031718IFD0000390,2018-01-24,1,5959.33,18,536.34,536.34,,
C0CDC4F754,295E23C284,012018,IXC/J/54/17-18,2018-01-31,1801,5308.0,18,,,955.44,0.0
3E1678B062,2943E2D2BB,012018,ST0001404594,2018-01-29,1801,6998698.0,18,,,1259765.64,0.0
C0CDC4F754,CA2B65EED4,012018,CHD7102548,2018-01-19,1,292.0,18,,,52.56,0.0
A688617A12,F887B76D41,012018,FGS/17/P/18405,2018-01-01,1,152000.0,28,0.0,0.0,42560.0,0.0
446822C03B,9E473218E2,012018,181100819,2018-01-25,1,2200.0,18,0.0,0.0,396.0,0.0
F86C95E8BD,00E35A0C7E,012018,HRF171800014511,2018-01-22,1,12940.0,0,0.0,0.0,0.0,0.0
6920AA6331,30868A6388,012018,353,2018-01-01,1,6133477.74,0,0.0,0.0,,0.0
62CD3BF990,1D916FB203,012018,3702012118,2018-01-02,1801,1262839.5,18,,,227311.11,0.0
80E18AC42B,D4C0864609,012018,TML/PP/1718/1953,2018-01-22,1,816901.0,12,0.0,0.0,98028.12,0.0
E9A71DE9AC,2612D7D192,012018,GDT60607095586,2018-01-18,1801,34597.89,18,,,6227.62,0.0
776BBCB820,0F7D7CD530,012018,5396202413,2018-01-10,1,6284.96,18,,,1131.29,
9B80ACFC15,716192CC3F,012018,5250005331,2018-01-31,1,2064.0,18,185.76,185.76,0.0,0.0
8381D0626D,02469A33E0,012018,2116,2018-01-29,1200,1732000.0,12,,,207840.0,
F4E518B376,F75D528ACE,012018,754,2018-01-22,1800,25600.0,18,,,4608.0,
6920AA6331,507FDBAC1E,012018,9918010339710029,2018-01-01,1,30000.0,5,750.0,750.0,,
1480269030,68D316FF83,012018,004440050765,2018-01-17,1,12005.71,18,0.0,0.0,2161.03,0.0
B64AAF6835,FA8D45A223,012018,8953028239,2018-01-27,1,66820.95,28,0.0,0.0,18709.87,0.0
62CD3BF990,657B1CD6F6,012018,3724032433,2018-01-23,1,8742.5,18,0.0,0.0,1573.65,
446822C03B,9E473218E2,012018,181100792,2018-01-19,1,20185.0,18,0.0,0.0,3633.3,0.0
1480269030,68D316FF83,012018,004440051726,2018-01-22,1,280.84,28,0.0,0.0,78.64,0.0
62CD3BF990,44CBF774B2,012018,C00279930,2018-01-31,1,50494.35,18,4544.49,4544.49,0.0,0.0
CADC29DB4C,C484210666,012018,101/0380,2018-01-30,1801,6874.0,18,618.66,618.66,,0.0
A688617A12,F887B76D41,012018,FGS/17/P/18911,2018-01-07,1,200000.0,28,0.0,0.0,56000.0,0.0
B64AAF6835,FA8D45A223,012018,8953024960,2018-01-10,1,111778.75,28,0.0,0.0,31298.05,0.0
CED3A7832E,B8BB8AC648,012018,9265061495,2018-01-24,1,138043.8,18,,,24847.87,
2242D4F292,C5A3BD480E,012018,1xT000090,2018-01-01,2,6146.43,18,,,1106.36,0.0
A5227F3731,F4E518B376,012018,NCB1800397233469,2018-01-02,1,50.0,18,4.5,4.5,,
C0CDC4F754,B4FA749917,012018,SR-832,2018-01-29,501,19800.0,5,495.0,495.0,,0.0
7505EF1EFB,C84788CD6E,012018,10000CA18V8565,2018-01-10,2801,1562.0,28,218.68,218.68,,0.0
7EC06C0F12,87DE9C0172,012018,1718F07SNL008813,2018-01-18,1,52500.0,12,,,6300.0,
B017546699,6391A8EBE9,012018,W40525110118P,2018-01-11,1801,4991.0,18,449.19,449.19,,0.0
5A4FC8F226,AA67FDC3A6,012018,04B045/20479,2018-01-11,1,39712.68,5,,,1985.63,5552.0
62CD3BF990,657B1CD6F6,012018,3724033078,2018-01-27,1,34125.0,18,0.0,0.0,6142.5,
824D0342B8,AED0BE7945,012018,1088,2018-01-16,1,16877.96,18,,,3038.04,0.0
D2D5838FE3,EE103260DF,012018,GSTN1706376,2018-01-09,1,8740.75,5,218.52,218.52,,0.0
25494F79FA,B77A5168B0,012018,NDCPB0002219798,2018-01-04,1,621.8,18,55.96,55.96,0.0,0.0
F4E518B376,48BE3A00A8,012018,17-12836,2018-01-31,1801,8769.2,18,,,1578.46,0.0
0B1F7470CA,622D69225D,012018,1132022394,2018-01-07,1,1648792.86,28,,,461662.0,
5A4FC8F226,3731C1C2E5,012018,SGC/09/084,2018-01-02,1801,1050000.0,18,,,189000.0,0.0
7EC06C0F12,178EF6483E,012018,HSR-BILL236,2018-01-25,1,49500.0,0,,,0.0,0.0
2DCA4E61B2,FAF63EB791,012018,L-5314/17-18,2018-01-31,2,1246195.0,12,,,149543.4,0.0
D549CF5003,B4FA749917,012018,SR-800,2018-01-22,501,575.0,5,14.38,14.38,,0.0
62CD3BF990,E7ABFE6677,012018,RT/2353,2018-01-19,1800,5728.0,18,515.52,515.52,,0.0
B64AAF6835,FA8D45A223,012018,8952031175,2018-01-13,1,38768.1,28,0.0,0.0,10855.07,0.0
D700E408A8,B20E4179A3,012018,GST/17-18/2642,2018-01-18,1,98771.0,18,,,17778.78,0.0
D700E408A8,AC86298B35,012018,ST/1718/0503,2018-01-30,1201,83300.0,12,,,9996.0,0.0
73D046461A,3DCB4A6D02,012018,BSS019/2018,2018-01-31,1800,16780.0,18,1510.0,1510.0,,
B64AAF6835,FA8D45A223,012018,8952031285,2018-01-14,1,81413.01,28,0.0,0.0,22795.64,0.0
2DCA4E61B2,5601FFF625,012018,PSI1801666,2018-01-11,501,185537.0,5,,,9276.85,0.0
C15EA8D5A2,F13D0F42B5,012018,104339,2018-01-31,1801,19590.0,18,,,3526.2,0.0
CED3A7832E,242328E36D,012018,2970000096,2018-01-06,2,900180.0,28,,,252050.4,
0F08B6DF08,45B61EA6AC,012018,MHIN3-021017668,2018-01-29,1801,86317.0,18,,,15537.06,0.0
099952F740,B77A5168B0,012018,NDCPB0002315024,2018-01-04,1,500.0,18,45.0,45.0,,
CADC29DB4C,C2796B7083,012018,007/BI/17000477,2018-01-27,2801,2289.71,28,320.56,320.56,,0.0
1480269030,68D316FF83,012018,004440050346,2018-01-16,1,4159.86,18,0.0,0.0,748.77,0.0
6920AA6331,A6F94172DB,012018,86,2018-01-04,1801,363495.72,18,32714.61,32714.61,,0.0
FAB06B8D5F,29341A7EC0,012018,3318-73301009732,2018-01-16,1801,9100.0,18,,,1638.0,0.0
7EC06C0F12,358C580C68,012018,64,2018-01-30,1,6439.8,18,,,1159.16,0.0
446822C03B,0487358EDF,012018,R1700062,2018-01-01,2,75.0,18,,,13.5,0.0
F4E518B376,418E3CFC45,012018,C03118R000203,2018-01-31,1,1361.11,18,122.5,122.5,,
CADC29DB4C,515D10E17B,012018,1718/W/17497,2018-01-06,2801,725.94,28,101.63,101.63,,0.0
6920AA6331,6186DCE398,012018,1093,2018-01-16,2,2303173.0,0,0.0,0.0,,0.0
388BE0B69C,84C5425431,012018,1509,2018-01-22,1,32206.0,18,2898.54,2898.54,,0.0
7505EF1EFB,BDBDF35051,012018,003/BI/17001072,2018-01-29,1,7113.0,28,995.82,995.82,,0.0
8381D0626D,418E3CFC45,012018,C03118R001068,2018-01-31,1,2575.56,18,231.8,231.8,,
0FF6759AB7,EAEB4709CB,012018,4540084621,2018-01-28,1,832951.39,5,,,41647.57,
FAB06B8D5F,85D78C23F7,012018,LTS1403P01,2018-01-10,3,280574.0,18,,,50503.32,0.0
A5227F3731,399AED2086,012018,2017-18000120838,2018-01-20,1801,3300.0,18,,,594.0,0.0
65B11036F4,FFAC316D65,012018,30220181252,2018-01-22,1801,687.0,18,,,123.66,0.0
7EC06C0F12,98DBA6A4C3,012018,24113003077774,2018-01-21,1,1529280.0,18,0.0,0.0,275270.0,0.0
7EC06C0F12,87DE9C0172,012018,1718F07SNL008831,2018-01-18,1,52500.0,12,,,6300.0,
B64AAF6835,FA8D45A223,012018,8953026673,2018-01-19,1,112232.75,28,0.0,0.0,31425.17,0.0
824D0342B8,AED0BE7945,012018,1083,2018-01-15,1,14310.0,18,,,2575.8,0.0
39CBE490DA,6EFA7B405D,012018,03171809TI001260,2018-01-31,1801,1041.1,18,93.7,93.7,,0.0
8381D0626D,038C888B45,012018,5462009565,2018-01-17,1,325385.78,12,,,39046.29,
A515052EAE,85857555BE,012018,C532856,2018-01-17,1201,116178.0,12,,,13941.36,0.0
F4E518B376,C29B2C5339,012018,SSS/17-18/626,2018-01-17,1800,5160.0,18,,,928.8,
B64AAF6835,FA8D45A223,012018,8952031202,2018-01-14,1,38768.1,28,0.0,0.0,10855.07,0.0
A688617A12,F887B76D41,012018,FGR/17/P/50061,2018-01-29,1,64000.0,28,0.0,0.0,17920.0,0.0
A2A1EFDBE6,C7FBAB9F62,012018,4660000772,2018-01-17,1,2727.12,18,,,490.88,
86DFEB0A3F,79C8F6316F,012018,1327,2018-01-22,1801,3900.0,18,,,702.0,0.0
B64AAF6835,2A1F4CDE40,012018,U2/0268,2018-01-30,1800,11900.0,18,,,2142.0,
8749F52DE8,59014E472D,012018,139462620180115,2018-01-29,1,5567.53,18,501.08,501.08,,0.0
CADC29DB4C,3FADD8BB1E,012018,020/BI/17000223,2018-01-21,2,103.83,12,6.23,6.23,,0.0
8381D0626D,C0E1652E33,012018,2790,2018-01-09,1801,34179.0,18,3076.11,3076.11,,0.0
A7D3CEE190,FE75D160C8,012018,1118728359,2018-01-10,1,1407007.99,12,,,168841.01,
62CD3BF990,62CB2D3C4D,012018,GSTV-14432,2018-01-25,501,9000.0,5,225.0,225.0,,0.0
62CD3BF990,18FF22D9AA,012018,RR4302,2018-01-08,1,2940.0,12,176.4,176.4,,0.0
39CBE490DA,399AED2086,012018,2017-18000103245,2018-01-02,1801,2175.0,18,,,391.5,0.0
8381D0626D,C0E1652E33,012018,2795,2018-01-15,1801,27495.0,18,2474.55,2474.55,,0.0
73D046461A,46B6261B27,012018,JT/1657,2018-01-11,1,9375.0,12,562.5,562.5,,0.0
824D0342B8,7F2AE81659,012018,513448,2018-01-31,1,47628.0,12,0.0,0.0,5715.36,0.0
B64AAF6835,FA8D45A223,012018,8953023488,2018-01-02,1,67067.25,28,0.0,0.0,18778.83,0.0
A7215054CB,6F10FCFBDE,012018,G00619,2018-01-09,500,3102480.0,5,,,155124.0,
0B1F7470CA,2BDCB6B4F5,012018,G4847,2018-01-31,1801,99451.0,18,8950.59,8950.59,,0.0
099952F740,6C1197F1E9,012018,MST01899,2018-01-11,1,31934.5,18,2874.11,2874.11,,0.0
6920AA6331,98EA228E92,012018,B/1718/GG/0711,2018-01-18,501,970870.0,5,,,48543.5,0.0
35595B66EB,88AC7B72E0,012018,171814001PC00305,2018-01-18,1,2647.0,18,238.23,238.23,,0.0
5DA0527958,9460E90BF6,012018,ATS/JAN-18/5427,2018-01-06,2,4368.0,18,393.12,393.12,,0.0
2DCA4E61B2,FAF63EB791,012018,L-5203/17-18,2018-01-29,2,97280.0,12,,,11673.6,0.0
25494F79FA,CFCC5E41B4,012018,TC18224121316411,2018-01-11,1,76.27,18,,,13.73,
099952F740,1C8E655C92,012018,MTH00982,2018-01-15,1801,65252.97,18,5872.77,5872.77,,0.0
0F08B6DF08,E306607037,012018,2118702230004891,2018-01-18,1,2133.58,18,0.0,0.0,384.04,0.0
446822C03B,0487358EDF,012018,R1700052,2018-01-01,2,75.0,18,,,13.5,0.0
D2D5838FE3,471900C87C,012018,541,2018-01-19,501,854448.0,5,21361.2,21361.2,,0.0
62DA42E293,3DD3E45DA4,012018,1011/2017-18,2018-01-20,1801,24724.0,18,,,4450.32,0.0
BE46B01E78,D3CFB6E8EA,012018,2702849507,2018-01-11,2,378340.48,18,0.0,0.0,68101.28,0.0
80E18AC42B,144C638380,012018,9287952958,2018-01-28,1,257842.58,12,0.0,0.0,30941.11,0.0
5DA0527958,E53FEB2CEB,012018,MT/GJ10581/1718,2018-01-08,1801,4700.0,18,,,846.0,0.0
824D0342B8,60133EB8FF,012018,17182645B,2018-01-29,501,92293.01,5,2307.33,2307.33,,0.0
824D0342B8,4D0958D30E,012018,PBPO0005431010,2018-01-01,1,30.0,18,2.7,2.7,,
ED1A30241D,897D147889,012018,1170,2018-01-06,1200,1739.0,12,104.5,104.5,,
DA889E1B83,2588C207C5,012018,VJ2900359600,2018-01-14,1801,579976.0,18,,,104395.68,0.0
8381D0626D,3C9D7985F6,012018,031900000022,2018-01-31,1800,138600.0,18,12474.0,12474.0,,
8749F52DE8,A422A99DA5,012018,09LNS0026180,2018-01-28,1,197088.7,28,,,55184.84,
8749F52DE8,6B577967A0,012018,3330S0025340,2018-01-31,1,1060.16,18,,,190.83,
A7215054CB,A1AFA4A38D,012018,3104036397,2018-01-30,1801,391500.0,18,,,70470.0,0.0
8749F52DE8,6B577967A0,012018,33LCS0031931,2018-01-06,1,31728.2,28,,,8883.9,
B64AAF6835,FA8D45A223,012018,8953026648,2018-01-19,1,67067.25,28,0.0,0.0,18778.83,0.0
824D0342B8,79555279E7,012018,05385,2018-01-30,1,60186.0,12,3611.16,3611.16,,0.0
8E3F4A0679,FAB06B8D5F,012018,227308892,2018-01-24,1801,22500.0,18,2025.0,2025.0,,0.0
6920AA6331,58FBA3BCE9,012018,FCI-163,2018-01-31,101,1546343.0,0,0.0,0.0,0.0,0.0
35595B66EB,E81BC4EE3A,012018,2344FMBIL0007859,2018-01-11,1,115.0,18,10.35,10.35,,0.0
CADC29DB4C,17F9A34670,012018,JAN18G201800382,2018-01-05,1801,2097.46,18,188.77,188.77,,0.0
0B1F7470CA,93C08E0964,012018,T-1379,2018-01-23,101,9253.0,18,832.77,832.77,0.0,0.0
A5227F3731,2AB36241D1,012018,T-184,2018-01-20,101,6180.0,18,556.2,556.2,0.0,0.0
A515052EAE,5887B3BF76,012018,WLU00044,2018-01-11,1801,3201.0,18,288.09,288.09,,0.0
9B80ACFC15,8E169215F1,012018,BR17SG12-56,2018-01-02,1801,45071.51,18,,,8112.87,0.0
099952F740,1C8E655C92,012018,MTH00911,2018-01-02,1201,4343.62,12,260.62,260.62,,0.0
ED1A30241D,61D070FF8B,012018,RS/109309,2018-01-23,1,77.25,5,1.93,1.93,,0.0
8749F52DE8,56C6CF52B1,012018,PB/0236/2017-18,2018-01-19,1801,3820.0,18,343.8,343.8,,0.0
B017546699,7C0F2B0C3C,012018,W63188190118P,2018-01-19,2801,6583.07,28,921.63,921.63,,0.0
B64AAF6835,FA8D45A223,012018,8953026836,2018-01-20,1,67067.25,28,0.0,0.0,18778.83,0.0
8749F52DE8,6B577967A0,012018,33LCS0032681,2018-01-09,1,160687.5,28,,,44992.5,
8749F52DE8,BABC2D11EC,012018,IWS/17-18/14969,2018-01-19,1801,44000.0,18,,,7920.0,0.0
65B11036F4,FAB06B8D5F,012018,4195P01,2018-01-05,1801,384688.23,18,34621.94,34621.94,,0.0
5DA0527958,F5353C4745,012018,DL/7467/2017-18,2018-01-22,1,2376.5,18,,,427.77,0.0
B64AAF6835,FA8D45A223,012018,8953023434,2018-01-02,1,112367.75,28,0.0,0.0,31462.97,0.0
B017546699,3583C5D44F,012018,0104311311,2018-01-18,1,770000.0,28,0.0,0.0,215600.0,0.0
6920AA6331,C04864C61E,012018,463,2018-01-04,1,764920.44,0,0.0,0.0,0.0,0.0
65B11036F4,CA57986874,012018,476920008,2018-01-31,1,26.96,18,0.0,0.0,4.85,0.0
D2D5838FE3,B5626ED147,012018,0578,2018-01-27,1,73291.0,18,6596.19,6596.19,,
824D0342B8,8832B66E0C,012018,18800057,2018-01-03,1801,132193.0,18,,,23794.74,0.0
FAB06B8D5F,EB0A1D048B,012018,GWBTSA/JN0358/18,2018-01-18,1,2370692.0,18,,,426724.56,0.0
099952F740,A318C5693A,012018,2987,2018-01-23,1801,32119.33,18,,,5781.48,0.0
0B1F7470CA,4EF3A1C979,012018,1115070292,2018-01-14,1,460803.57,28,,,129025.0,
446822C03B,DF70167096,012018,3196,2018-01-26,1,126818.0,18,,,22827.24,0.0
A515052EAE,85857555BE,012018,T751483,2018-01-30,1801,11619.84,18,,,2091.57,0.0
65B11036F4,8A3A467E72,012018,031801G10006696,2018-01-03,1,1950.0,18,175.5,175.5,,0.0
A688617A12,F887B76D41,012018,FGS/17/P/20633,2018-01-23,1,128000.0,28,0.0,0.0,35840.0,0.0
A5227F3731,19BCC19949,012018,RSM17-18/TI-1079,2018-01-09,1201,48.0,12,2.88,2.88,,0.0
A7215054CB,92836CA459,012018,1344,2018-01-25,1,17000.0,18,,,3060.0,
824D0342B8,B28C7CFCAF,012018,BNPBLUD000247/17,2018-01-01,1,1355826.39,18,122024.38,122024.38,,
96213E7C2C,81D3A301C0,012018,1135660961,2018-01-24,2,1958116.7,18,,,352461.01,0.0
B64AAF6835,FA8D45A223,012018,8953024890,2018-01-10,1,67067.25,28,0.0,0.0,18778.83,0.0
0B1F7470CA,85C1231815,012018,T-4252,2018-01-06,101,1574.0,18,141.66,141.66,0.0,0.0
62CD3BF990,79555279E7,012018,05225,2018-01-23,1,91226.73,12,5473.6,5473.6,,0.0
39CBE490DA,70FF1C00B4,012018,1086,2018-01-08,1,540.0,18,48.6,48.6,,0.0
73D046461A,410F3E3622,012018,5694017519,2018-01-10,1801,173072.0,18,,,31152.96,0.0
B64AAF6835,3A231AF03F,012018,419313259,2018-01-28,1,146960.15,28,0.0,0.0,41148.85,0.0
5C969D6AB5,A703C98615,012018,TX0000020704,2018-01-19,1801,830960.0,18,,,149572.8,0.0
5DA0527958,9460E90BF6,012018,ATS/JAN-18/6192,2018-01-19,2,2425.0,18,218.25,218.25,,0.0
099952F740,B88A199176,012018,RRPB03936,2018-01-31,2,7777.62,18,699.99,699.99,,0.0
6920AA6331,30868A6388,012018,397,2018-01-01,1,2297668.17,0,0.0,0.0,,0.0
62CD3BF990,1D916FB203,012018,3702012990,2018-01-11,1801,436696.0,18,,,78605.28,0.0
824D0342B8,79555279E7,012018,05365,2018-01-29,1,117684.0,12,7061.04,7061.04,,0.0
0F08B6DF08,41074F3B58,012018,2118704230000952,2018-01-25,1,31108.65,18,0.0,0.0,5599.56,0.0
A5227F3731,4D0958D30E,012018,PBPO0005412029,2018-01-01,1,499.0,18,44.91,44.91,,
8749F52DE8,7DF305F2FE,012018,FBD/568,2018-01-17,1800,438.0,18,,,78.84,
0FF6759AB7,EAEB4709CB,012018,4540081583,2018-01-19,1,809527.56,5,,,40476.38,
0F08B6DF08,E306607037,012018,2118702230004876,2018-01-17,1,58212.8,28,0.0,0.0,16299.58,0.0
96213E7C2C,EF19CFE7E4,012018,G792/17-18,2018-01-24,2,11328.0,28,,,3171.84,0.0
C9202698C4,EA6A2891A6,012018,HR51400277,2018-01-17,1,715066.94,18,0.0,0.0,128712.05,0.0
DA889E1B83,A0BB2EDA6E,012018,SL3300043928,2018-01-08,1801,997340.0,18,,,179521.2,0.0
62DA42E293,B2092C38F7,012018,T-1725,2018-01-24,101,350.0,28,49.0,49.0,0.0,0.0
5DA0527958,E53FEB2CEB,012018,MT/GJ10455/1718,2018-01-08,1801,4700.0,18,,,846.0,0.0
FAB06B8D5F,B77A5168B0,012018,NPBFM0000954,2018-01-10,1,832053.91,18,74884.86,74884.86,0.0,0.0
824D0342B8,87862601C2,012018,941116439,2018-01-25,1,330720.0,18,0.0,0.0,59529.6,0.0
C0CDC4F754,CA2B65EED4,012018,CHD7102656,2018-01-27,1,292.0,18,,,52.56,0.0
C87EDD8683,E51BD64B58,012018,INVTG0000003727,2018-01-29,1801,16053.0,18,,,2889.54,0.0
A7D3CEE190,D4C0864609,012018,TML/AY/1718/0745,2018-01-31,1,206976.0,12,0.0,0.0,24837.12,0.0
79D06279B2,B60C2F307C,012018,00120E117002177,2018-01-29,1801,2949.0,18,,,530.82,0.0
A5227F3731,F231AB581C,012018,PH/Comm/0044,2018-01-12,1801,4407.0,18,396.63,396.63,,0.0
A6448C243D,19BCC19949,012018,RSM17-18/TI-1031,2018-01-02,1801,1363.0,18,122.67,122.67,,0.0
6FE8449522,DA8DAEBCC0,012018,TXPUJSP171800274,2018-01-31,1801,144000.0,18,12960.0,12960.0,,0.0
A5227F3731,399AED2086,012018,2017-18000120842,2018-01-20,1801,13200.0,18,,,2376.0,0.0
C1C058DFB2,3FD3824118,012018,1658,2018-01-11,1800,5000.0,18,,,900.0,
33DE87467E,CD73834611,012018,FO/3000,2018-01-09,1,4000.0,18,360.0,360.0,,0.0
824D0342B8,5BD41B1797,012018,0133,2018-01-30,1,87220.0,18,,,15699.6,0.0
F4E518B376,7BBD4133D1,012018,373,2018-01-29,1200,695.0,12,41.7,41.7,,
D2D5838FE3,7F13EC456F,012018,1422,2018-01-20,1,224180.64,18,20176.26,20176.26,,0.0
35595B66EB,97CA7DEE94,012018,ATQ/313/17-18,2018-01-31,1800,375100.0,18,33759.0,33759.0,,
D418B1AEB2,CDB402BAB1,012018,GST-1665,2018-01-12,1,6503.22,18,585.29,585.29,,0.0
BE46B01E78,9D153A1309,012018,CHSAL110911718,2018-01-30,1,77106.9,18,0.0,0.0,13879.24,0.0
D549CF5003,B4FA749917,012018,SR-772,2018-01-17,501,644.0,5,16.1,16.1,,0.0
B64AAF6835,A877326445,012018,GST-13001,2018-01-30,1801,5063.85,18,455.75,455.75,,0.0
62DA42E293,F63964F91C,012018,SMC/03/95,2018-01-29,1,886.0,18,79.74,79.74,,
0F08B6DF08,E306607037,012018,2118702230004806,2018-01-13,1,171523.88,18,0.0,0.0,30874.3,0.0
B017546699,437084A8FB,012018,2265,2018-01-25,1,497000.0,28,69580.0,69580.0,0.0,0.0
2DCA4E61B2,CB0DEEEB11,012018,1175,2018-01-21,1801,289.5,18,26.06,26.06,,0.0
F4E518B376,7468AAED7A,012018,1718LBL2002067,2018-01-03,1,406.74,18,36.61,36.61,0.0,0.0
5A4FC8F226,61D39A3ECB,012018,G17-18/1847,2018-01-31,1801,29764.0,18,,,5357.52,0.0
BD0CF34039,FB1A5CB7CB,012018,69,2018-01-04,1800,1307.0,18,117.63,117.63,,0.0
8749F52DE8,44CBF774B2,012018,C00283018,2018-01-31,1,8061.53,18,725.54,725.54,0.0,0.0
CADC29DB4C,DF96795852,012018,INS18B000268,2018-01-19,1,6985.14,28,977.92,977.92,,0.0
7505EF1EFB,BDBDF35051,012018,003/BI/17000995,2018-01-24,2,2700.0,18,243.0,243.0,,0.0
6920AA6331,6D44B75C61,012018,T-28,2018-01-01,101,303836.4,18,27345.28,27345.28,0.0,0.0
7EC06C0F12,73D3658230,012018,IN27IB170288169,2018-01-12,1,172.0,18,0.0,0.0,30.96,0.0
776BBCB820,D752E65973,012018,25275,2018-01-20,1800,2669.5,18,240.26,240.26,,
C15EA8D5A2,F13D0F42B5,012018,104347,2018-01-31,1801,22145.0,18,,,3986.1,0.0
6FE8449522,B7DCABFD9A,012018,3003430265,2018-01-05,3,5132.2,12,0.0,0.0,615.86,0.0
A7215054CB,69DB7BC23F,012018,MOH/GST-054,2018-01-27,1,210000.0,18,18900.0,18900.0,,0.0
824D0342B8,1ACC315CEE,012018,2018MI8107000003,2018-01-02,1,47.43,5,0.0,0.0,2.37,0.0
65B11036F4,84B2611872,012018,17181183,2018-01-03,1801,0.03,18,,,0.01,0.0
7EC06C0F12,98DBA6A4C3,012018,24113001127181,2018-01-29,1,86650.0,18,0.0,0.0,15597.0,0.0
1480269030,68D316FF83,012018,004440051180,2018-01-19,1,5650.04,18,0.0,0.0,1017.01,0.0
CADC29DB4C,C2796B7083,012018,007/BI/17000465,2018-01-22,1801,14177.67,18,1275.99,1275.99,,0.0
A7215054CB,53D86F4E3A,012018,001312,2018-01-16,1,40750.0,18,,,7335.0,
D549CF5003,DA0A0DFAB7,012018,MAP1803134596348,2018-01-31,1,24069.25,18,,,4332.47,
8749F52DE8,96BF4CA863,012018,TNS17/340220,2018-01-09,1801,17600.0,18,,,3168.0,0.0
79D06279B2,A4A3649AAD,012018,C408,2018-01-13,1,3360387.24,18,,,604869.7,0.0
9B117BDD8C,B77A5168B0,012018,NDCPB0002284578,2018-01-04,1,2368.0,18,213.12,213.12,,
B64AAF6835,FA8D45A223,012018,8953024999,2018-01-11,1,64597.35,28,0.0,0.0,18087.26,0.0
5A4FC8F226,AA67FDC3A6,012018,04B045/20754,2018-01-12,1,41572.42,5,,,2078.62,5812.0
C1C058DFB2,A83517B656,012018,008541,2018-01-27,1801,14650.0,18,,,2637.0,0.0
B64AAF6835,FA8D45A223,012018,8953024838,2018-01-10,1,67067.25,28,0.0,0.0,18778.83,0.0
D418B1AEB2,3DD589FCB3,012018,107,2018-01-04,1,50600.0,18,4554.0,4554.0,,0.0
ED1A30241D,897D147889,012018,1227,2018-01-18,1200,1639.0,12,98.5,98.5,,
C0CDC4F754,CA2B65EED4,012018,CHD7102260,2018-01-02,1,292.0,18,,,52.56,0.0
B64AAF6835,FA8D45A223,012018,8953026740,2018-01-20,1,111778.75,28,0.0,0.0,31298.05,0.0
39CBE490DA,9CEC803134,012018,02/CIVIL/083,2018-01-11,1801,11434.0,18,1029.06,1029.06,,0.0
B017546699,748B9CE1DF,012018,0700186095,2018-01-23,1,607358.0,28,0.0,0.0,170060.0,0.0
C0CDC4F754,A08873189A,012018,PB18IXCA000001,2018-01-08,1801,25604.55,18,2304.41,2304.41,,0.0
C9202698C4,E382D5165F,012018,HP772409461,2018-01-25,1,714636.61,18,0.0,0.0,128634.59,0.0
3536A3DD25,C221EEA66C,012018,DEL2528a/17-18,2018-01-31,1201,23705.4,12,,,2844.65,0.0
6920AA6331,7433F02759,012018,R-1019,2018-01-30,1,6153988.74,0,0.0,0.0,,
B64AAF6835,3A231AF03F,012018,8915463738,2018-01-14,1,144933.05,28,0.0,0.0,40581.25,0.0
86DFEB0A3F,35D03F0135,012018,17-18/9887,2018-01-18,2,292.36,18,26.31,26.31,,0.0
0B1F7470CA,85C1231815,012018,T-4721,2018-01-29,101,163053.0,18,14674.77,14674.77,0.0,0.0
6920AA6331,30868A6388,012018,360,2018-01-01,1,764659.28,0,0.0,0.0,,0.0
3536A3DD25,D1E5EC11B3,012018,PBI185314333737O,2018-01-30,1,3910.0,5,98.0,98.0,,
A7D3CEE190,D4C0864609,012018,TML/AY/1718/0746,2018-01-31,1,205632.0,12,0.0,0.0,24675.84,0.0
A7215054CB,9974A974F3,012018,PB6840061187,2018-01-09,1,25741.0,18,2316.69,2316.69,,
CADC29DB4C,C2796B7083,012018,019/BI/17002349,2018-01-05,1801,6788.0,18,610.92,610.92,,0.0
D418B1AEB2,F3F34CB33F,012018,CHD/17-18/1529,2018-01-06,1201,6200.0,12,,,744.0,0.0
8749F52DE8,26E872668D,012018,8304852201863,2018-01-18,1,60104.27,18,5409.38,5409.38,,0.0
6920AA6331,7433F02759,012018,R-1004,2018-01-29,1,3083030.83,0,0.0,0.0,,
C44FFF7C7A,21D79BDA25,012018,4017507303,2018-01-25,1800,175500.78,18,,,31590.14,0.0
D700E408A8,398C7082EB,012018,IN0001115656,2018-01-29,1,332592.0,12,,,39911.04,
824D0342B8,6163928F28,012018,1348/17-18,2018-01-16,1,86500.0,18,,,15570.0,
8E3F4A0679,ED1791CE2F,012018,175901613,2018-01-31,1,492002.0,18,44280.18,44280.18,0.0,0.0
BFB0B3324B,E44AB1C1FA,012018,7030,2018-01-03,1,3300.0,18,297.0,297.0,,0.0
5DA0527958,F5353C4745,012018,DL/7485/2017-18,2018-01-22,1,2376.5,18,,,427.77,0.0
B64AAF6835,3A231AF03F,012018,8915459689,2018-01-03,1,143837.62,28,0.0,0.0,40274.53,0.0
099952F740,6C1197F1E9,012018,MST01862,2018-01-08,1,29332.43,5,733.31,733.31,,0.0
8381D0626D,11D87D3B83,012018,UMAX/17-18/3429,2018-01-13,1801,460570.0,18,,,82902.6,0.0
86DFEB0A3F,32E721A1A6,012018,T-2787,2018-01-25,101,31620.0,18,2845.8,2845.8,0.0,0.0
D418B1AEB2,E56C3EE59E,012018,8066,2018-01-07,1,3600.0,18,324.0,324.0,0.0,0.0
8381D0626D,038C888B45,012018,5462009679,2018-01-19,1,792923.65,12,,,95150.84,
5DA0527958,F5353C4745,012018,DL/7497/2017-18,2018-01-22,1,2376.5,18,,,427.77,0.0
B64AAF6835,FA8D45A223,012018,8952034186,2018-01-28,1,38768.1,28,0.0,0.0,10855.07,0.0
446822C03B,7D85CEBCBA,012018,SIUTOP171804759,2018-01-28,1,514800.0,18,,,92664.0,0.0
A688617A12,F887B76D41,012018,FGS/17/P/20651,2018-01-23,1,128000.0,28,0.0,0.0,35840.0,0.0
A688617A12,F887B76D41,012018,FGS/17/P/18757,2018-01-05,1,168000.0,28,0.0,0.0,47040.0,0.0
A688617A12,F887B76D41,012018,FGR/17/P/49356,2018-01-27,1,16000.0,28,0.0,0.0,4480.0,0.0
82A4AF86FD,81723FC4E3,012018,12946,2018-01-17,1,20484.41,18,1843.6,1843.6,,0.0
62CD3BF990,79555279E7,012018,04865,2018-01-10,1,16610.33,12,996.62,996.62,,0.0
DA889E1B83,2588C207C5,012018,VJ2900339869,2018-01-04,1801,724397.0,18,,,130391.46,0.0
86DFEB0A3F,5565D3A0E4,012018,45,2018-01-05,101,8200.0,18,738.0,738.0,0.0,0.0
7EC06C0F12,262EA86704,012018,HR5516055336,2018-01-05,1,492583.68,18,,,88665.06,
D2D5838FE3,71A890893A,012018,69,2018-01-18,1,1323270.0,5,33081.75,33081.75,,0.0
E9A71DE9AC,F08E328E0E,012018,GDT64647114998,2018-01-18,1801,376121.62,18,,,67701.89,0.0
BE46B01E78,20CCA5CA31,012018,9002847790,2018-01-18,1201,140332.5,12,,,16839.9,0.0
A7D3CEE190,FE75D160C8,012018,1118728577,2018-01-19,1,3772475.88,12,,,452697.12,
B64AAF6835,FA8D45A223,012018,8953028436,2018-01-28,1,65391.45,28,0.0,0.0,18309.61,0.0
5DA0527958,E53FEB2CEB,012018,MT/GJ10541/1718,2018-01-08,1801,4700.0,18,,,846.0,0.0
7505EF1EFB,9E483718EF,012018,WSH/3500bhg,2018-01-04,2801,3904.81,28,546.67,546.67,,0.0
8749F52DE8,6B577967A0,012018,33LCS0031140,2018-01-04,1,944583.2,28,,,264483.28,
F4E518B376,7468AAED7A,012018,1718LBL2002417,2018-01-30,1,216.09,18,19.45,19.45,0.0,0.0
099952F740,6AD36F204B,012018,PB0017450203,2018-01-15,1801,2782.37,18,250.41,250.41,,0.0
A7215054CB,049F644063,012018,150,2018-01-08,101,390159.97,0,0.0,0.0,0.0,0.0
0F08B6DF08,90AB5409E1,012018,10,2018-01-01,101,3000.0,18,270.0,270.0,0.0,0.0
5DA0527958,E53FEB2CEB,012018,MT/GJ13338/1718,2018-01-30,1801,4700.0,18,,,846.0,0.0
A5227F3731,5D58F216F9,012018,10334700,2018-01-31,1801,2775.0,18,,,499.5,0.0
B64AAF6835,FA8D45A223,012018,8952030934,2018-01-12,1,81413.01,28,0.0,0.0,22795.64,0.0
D549CF5003,4E5AC09ACD,012018,A144,2018-01-31,1,108319.86,18,9748.79,9748.79,,0.0
6920AA6331,6512D391CF,012018,AI/GST/1718/1025,2018-01-31,501,970869.6,5,,,48543.48,0.0
73D046461A,73AF1A438F,012018,BEG-1385,2018-01-17,1801,11016.94,18,991.52,991.52,,0.0
65B11036F4,20DB27A399,012018,RIUCSCH18000153,2018-01-05,1,4.88,18,0.0,0.0,0.88,0.0
C87EDD8683,2B2064FACB,012018,INVTN0000014382,2018-01-16,1801,257953.0,18,,,46431.54,0.0
A5227F3731,F4E518B376,012018,NCB1801616468176,2018-01-15,1,25.0,18,2.25,2.25,,
39CBE490DA,C0BE4D0BCF,012018,427,2018-01-25,101,2150.0,18,193.5,193.5,0.0,0.0
0B1F7470CA,E7F4F90419,012018,1470074983,2018-01-09,1,1631885.71,28,,,456928.0,
5A4FC8F226,AA67FDC3A6,012018,04B045/20938,2018-01-13,1,40456.58,5,,,2022.83,5656.0
F4F23F71CC,5BE3D3B917,012018,IPB00DDLX0020724,2018-01-20,1,1200.0,18,108.0,108.0,,
824D0342B8,1ACC315CEE,012018,2018MI8107000013,2018-01-09,2,14.12,18,0.0,0.0,2.54,0.0
6920AA6331,B3E083CAB4,012018,FR/NA/0311,2018-01-26,1801,67300.0,18,,,12114.0,0.0
C87EDD8683,84C0482D7C,012018,INVKA0000005170,2018-01-15,1801,281211.0,18,,,50617.98,0.0
E9A71DE9AC,EFD127A143,012018,PYSI17024675,2018-01-30,1,684000.0,18,0.0,0.0,123120.0,0.0
099952F740,B88A199176,012018,RRPB03630,2018-01-12,1,10920.6,18,982.85,982.85,,0.0
C0CDC4F754,CA2B65EED4,012018,CHD7205549,2018-01-27,1,292.0,18,,,52.56,0.0
2242D4F292,17C3F6F5B5,012018,OS/17-18/096,2018-01-05,1801,724038.0,18,65163.42,65163.42,,0.0
62CD3BF990,A99F0E58FF,012018,3706036997,2018-01-22,1,343278.0,5,0.0,0.0,17163.9,
7EC06C0F12,382B4476EB,012018,MH0117112319,2018-01-12,1801,952185.0,18,,,171393.3,0.0
0B1F7470CA,93C08E0964,012018,T-1437,2018-01-31,101,8211.0,18,738.99,738.99,0.0,0.0
F4F23F71CC,5BE3D3B917,012018,IPB00DDLX0019614,2018-01-10,1,870.0,18,78.3,78.3,,
6920AA6331,4559B3F23D,012018,879,2018-01-12,1,774081.0,0,0.0,0.0,,
F4E518B376,1E216C262D,012018,G-3685,2018-01-11,2,185955.5,18,16736.0,16736.0,,0.0
2DCA4E61B2,F1A4D6FD7D,012018,AGD/17-18/002095,2018-01-10,1200,751554.0,12,,,90186.48,
B64AAF6835,FA8D45A223,012018,8953028189,2018-01-27,1,65391.45,28,0.0,0.0,18309.61,0.0
96213E7C2C,EFFF14DCCC,012018,1138455852,2018-01-12,1801,1789576.81,18,,,322123.83,0.0
FAB06B8D5F,1CEC473E45,012018,1356161,2018-01-17,1,5635.59,18,507.2,507.2,,0.0
B64AAF6835,FA8D45A223,012018,8953028157,2018-01-27,1,111778.75,28,0.0,0.0,31298.05,0.0
C1C058DFB2,F0B3C6AB89,012018,T-733,2018-01-16,101,1200.0,18,108.0,108.0,0.0,0.0
C0CDC4F754,E1A9974673,012018,171814043RC01944,2018-01-25,1,1568680.0,18,,,282362.4,
6920AA6331,D7B0ABFBC8,012018,I070000000962302,2018-01-15,1,6880.0,5,0.0,0.0,344.0,0.0
A7D3CEE190,FE75D160C8,012018,1118728598,2018-01-24,1,8769383.92,12,,,1052326.08,
D700E408A8,B20E4179A3,012018,GST/17-18/2752,2018-01-28,1,154280.16,18,,,27770.43,0.0
B64AAF6835,3A231AF03F,012018,8915469860,2018-01-30,1,145944.21,28,0.0,0.0,40864.38,0.0
446822C03B,10F39EBDD1,012018,2307,2018-01-29,1,164322.0,18,,,29577.96,0.0
FAB06B8D5F,E11A491F78,012018,DAI/12178/17-18,2018-01-27,1201,15500.0,12,,,1860.0,0.0
C1C058DFB2,3FD3824118,012018,1825,2018-01-29,1800,5000.0,18,,,900.0,
35595B66EB,011BB735F3,012018,TINV171800507,2018-01-04,1,499282.0,18,44935.38,44935.38,,
824D0342B8,7F2AE81659,012018,513356,2018-01-20,1,205140.0,12,0.0,0.0,24616.8,0.0
0B1F7470CA,93C08E0964,012018,T-1410,2018-01-27,101,3999.0,18,359.91,359.91,0.0,0.0
C9202698C4,E382D5165F,012018,HP772409463,2018-01-25,1,532953.28,18,0.0,0.0,95931.59,0.0
A688617A12,F887B76D41,012018,FGR/17/P/46814,2018-01-18,1,80000.0,28,0.0,0.0,22400.0,0.0
824D0342B8,79555279E7,012018,04685,2018-01-04,1,39228.0,12,2353.68,2353.68,,0.0
1480269030,68D316FF83,012018,004440049214,2018-01-10,1,120.92,18,0.0,0.0,21.77,0.0
D549CF5003,B4FA749917,012018,SR-826,2018-01-28,501,644.0,5,16.1,16.1,,0.0
6920AA6331,30868A6388,012018,409,2018-01-03,1,5364527.69,0,0.0,0.0,,0.0
C9202698C4,44CBF774B2,012018,C00279789,2018-01-31,1,10593.22,18,953.39,953.39,0.0,0.0
73D046461A,73AF1A438F,012018,BEG-1465,2018-01-30,2801,22816.4,28,3194.3,3194.3,,0.0
6920AA6331,0D421CDAFA,012018,50R,2018-01-16,1,1538656.0,0,0.0,0.0,,
824D0342B8,7F2AE81659,012018,513407,2018-01-25,1,130608.0,12,0.0,0.0,15672.96,0.0
B64AAF6835,FA8D45A223,012018,8953028168,2018-01-27,1,108805.25,28,0.0,0.0,30465.47,0.0
0F08B6DF08,E306607037,012018,2118702230004753,2018-01-09,1,12313.8,18,0.0,0.0,2216.48,0.0
776BBCB820,0B3D8AB3C5,012018,T-1225,2018-01-14,101,2900.0,18,261.0,261.0,0.0,0.0
6920AA6331,033E02B848,012018,F/000308,2018-01-16,1800,73799.25,18,,,13283.86,
5DA0527958,E53FEB2CEB,012018,MT/GJ10398/1718,2018-01-08,1801,1650.0,18,,,297.0,0.0
C1C058DFB2,F0B3C6AB89,012018,T-717,2018-01-16,101,800.0,18,72.0,72.0,0.0,0.0
7505EF1EFB,E22F57A538,012018,10006CA18V9148,2018-01-08,101,1335.0,18,120.15,120.15,0.0,0.0
35595B66EB,F2DB034CED,012018,INV091801014497,2018-01-31,1,1800.0,18,0.0,0.0,324.0,0.0
A5227F3731,67A03BBB52,012018,OMGDPY10072,2018-01-18,1801,31300.0,18,,,5634.0,0.0
8381D0626D,32B7903A82,012018,280002603,2018-01-06,1801,6000.0,18,,,1080.0,0.0
CADC29DB4C,23473A935F,012018,6472,2018-01-20,1801,1950.0,18,175.5,175.5,,0.0
099952F740,6582277CE3,012018,2017-18/342,2018-01-09,1,17898.3,18,1610.85,1610.85,,0.0
35595B66EB,E81BC4EE3A,012018,2344FMBIL0007757,2018-01-06,1,2711.86,18,244.07,244.07,,0.0
7EC06C0F12,6FD1C5E7E7,012018,GST/2359/1718,2018-01-27,1801,97641.0,18,,,17575.38,0.0
62CD3BF990,1D916FB203,012018,3702012620,2018-01-06,1801,1185853.5,18,,,213453.63,0.0
73D046461A,3B93E48573,012018,B-104,2018-01-04,1,6640.62,28,929.69,929.69,,0.0
DA889E1B83,2588C207C5,012018,VJ2900357772,2018-01-13,1801,645575.0,18,,,116203.5,0.0
C1C058DFB2,3FD3824118,012018,1689,2018-01-13,1800,9650.0,18,,,1737.0,
7505EF1EFB,2FC2670380,012018,JD/17-18/0649,2018-01-03,1,2250.0,18,202.5,202.5,,0.0
64F6DA5784,97445E73C2,012018,G59913,2018-01-03,1,60144.0,18,,,10825.92,0.0
7505EF1EFB,C3B78A705E,012018,009/BI17000626,2018-01-19,1,976.5,28,136.71,136.71,,0.0
80E18AC42B,C393328ACA,012018,9709600360,2018-01-01,1,905314.83,12,0.0,0.0,108637.78,0.0
79D06279B2,015211A37C,012018,1413,2018-01-10,1,780.0,18,70.2,70.2,,
446822C03B,ACCF353E8B,012018,1844/Z/TI/17-18,2018-01-18,1,616200.0,18,0.0,0.0,110916.0,0.0
8749F52DE8,03F3AAF37F,012018,83560650810,2018-01-10,1,58401.0,18,5256.09,5256.09,,0.0
0FF6759AB7,EAEB4709CB,012018,4540076939,2018-01-07,1,930389.94,5,,,46519.5,
62CD3BF990,657B1CD6F6,012018,3724030341,2018-01-11,2,150146.75,18,0.0,0.0,27026.43,
62DA42E293,2AEAF1C978,012018,TL29T18/30247,2018-01-31,1801,1518370.57,18,,,273306.7,0.0
65B11036F4,FFC97B6D56,012018,DLS2017006647,2018-01-01,1,30252.2,18,,,5506.0,3343.0
7505EF1EFB,E22F57A538,012018,10006CA18V9606,2018-01-17,102,2180.0,28,305.2,305.2,0.0,0.0
6920AA6331,47994A1779,012018,L/SLF/1718/00390,2018-01-24,1801,143800.0,18,,,25884.0,0.0
2DCA4E61B2,BEC92BF553,012018,G/0283/17-18,2018-01-09,1201,1413337.0,12,,,169600.44,0.0
62CD3BF990,79555279E7,012018,04801,2018-01-08,1,172040.0,12,10322.4,10322.4,,0.0
F4E518B376,AD2FE8E06E,012018,2017/M1000005094,2018-01-12,1801,37000.0,18,,,6660.0,0.0
776BBCB820,0F7D7CD530,012018,5396201983,2018-01-09,1,6284.96,18,,,1131.29,
7EC06C0F12,BF4961CD8D,012018,27113002020334,2018-01-09,1,2620800.0,18,0.0,0.0,471744.0,0.0
2DCA4E61B2,9AE55B4A97,012018,G0410000865,2018-01-29,1201,1449047.6,12,,,173885.71,0.0
7505EF1EFB,A91332CAD2,012018,11502CA18V8117,2018-01-16,1,13210.0,28,1849.4,1849.4,,0.0
35595B66EB,E81BC4EE3A,012018,2344FMBIL0008177,2018-01-23,1,2711.86,18,244.07,244.07,,0.0
B64AAF6835,FA8D45A223,012018,8953026996,2018-01-21,1,67067.25,28,0.0,0.0,18778.83,0.0
824D0342B8,87862601C2,012018,921811307,2018-01-03,2,54072.0,5,0.0,0.0,2703.6,0.0
9B80ACFC15,6468BF8C3D,012018,9148/2017-18,2018-01-24,1801,48500.0,18,,,8730.0,0.0
099952F740,6C1197F1E9,012018,MST01835,2018-01-04,1,23718.24,18,2134.64,2134.64,,0.0
9B80ACFC15,126885DC21,012018,FIN/031,2018-01-05,1,83895.0,18,7550.55,7550.55,,0.0
446822C03B,10F39EBDD1,012018,2028,2018-01-02,1,225540.0,18,,,40597.2,0.0
5DA0527958,1B430C667D,012018,ICN-2017-18-4051,2018-01-24,1801,2376.5,18,,,427.77,0.0
9B80ACFC15,D4C6A645E5,012018,08,2018-01-16,1800,21694.9,18,1952.54,1952.54,,
C0CDC4F754,CA2B65EED4,012018,CHD7205283,2018-01-13,1,292.0,18,,,52.56,0.0
5A4FC8F226,AA67FDC3A6,012018,04B045/21132,2018-01-14,1,42917.16,5,,,2145.86,6000.0
A7215054CB,F8698DC0A9,012018,1401,2018-01-27,1,720.0,28,100.8,100.8,,0.0
62CD3BF990,79555279E7,012018,05229,2018-01-23,1,41266.5,12,2475.99,2475.99,,0.0
824D0342B8,7F2AE81659,012018,513321,2018-01-17,1,168834.0,12,0.0,0.0,20260.08,0.0
A7D3CEE190,C078C43675,012018,GI3117007058,2018-01-22,1,100.0,18,,,18.0,0.0
96213E7C2C,F49ECECD09,012018,5432,2018-01-24,1800,1271.19,18,114.41,114.41,,
D700E408A8,C14E8A9AD7,012018,MULD/17-18/00898,2018-01-09,1801,423072.0,18,,,76152.96,0.0
C87EDD8683,91991EE447,012018,INVHR0000006091,2018-01-23,1801,22141.0,18,,,3985.38,0.0
65B11036F4,8A3A467E72,012018,031801G10006710,2018-01-03,1,9999.99,18,900.0,900.0,,0.0
446822C03B,7D85CEBCBA,012018,SIUTOP171804530,2018-01-15,1,50049.25,18,,,9008.87,0.0
B64AAF6835,FA8D45A223,012018,8953024842,2018-01-10,1,66890.55,28,0.0,0.0,18729.35,0.0
39CBE490DA,B77A5168B0,012018,NDCPB0002235361,2018-01-04,1,1124.2,18,101.18,101.18,0.0,0.0
C0CDC4F754,CA2B65EED4,012018,CHD7102269,2018-01-02,1,292.0,18,,,52.56,0.0
7EC06C0F12,87DE9C0172,012018,1718F07SNL008397,2018-01-07,1,105000.0,12,,,12600.0,
A5227F3731,98A3F643BE,012018,987,2018-01-02,501,4730.0,5,,,236.5,0.0
44C4210B8E,FF8FCB55FB,012018,DH741401,2018-01-11,1,8294.0,5,,,414.7,0.0
099952F740,B44DF05F8D,012018,1007,2018-01-27,1,105188.68,5,2629.72,2629.72,,0.0
5DA0527958,9460E90BF6,012018,ATS/JAN-18/5441,2018-01-06,2,4368.0,18,393.12,393.12,,0.0
86DFEB0A3F,35D03F0135,012018,17-18/9009,2018-01-01,1,210.0,0,0.0,0.0,,0.0
0B1F7470CA,DC88C80F47,012018,GST-2293,2018-01-04,1,3335.0,18,300.15,300.15,,0.0
B64AAF6835,FA8D45A223,012018,8953024652,2018-01-09,1,111484.25,28,0.0,0.0,31215.59,0.0
0F08B6DF08,41074F3B58,012018,2118704230000925,2018-01-18,1,956.81,28,0.0,0.0,267.91,0.0
A7D3CEE190,B87A829B93,012018,1121687287,2018-01-18,1,297435.72,12,,,35692.28,
C0CDC4F754,B4FA749917,012018,SR-801,2018-01-22,501,548.0,5,13.7,13.7,,0.0
446822C03B,1CAF12526E,012018,001666,2018-01-05,1,132102.0,18,,,23778.36,0.0
39CBE490DA,6EFA7B405D,012018,03171809TI001247,2018-01-31,1801,8630.36,18,776.73,776.73,,0.0
B017546699,437084A8FB,012018,2216,2018-01-24,1,497000.0,28,69580.0,69580.0,0.0,0.0
0F08B6DF08,E306607037,012018,2118702230004692,2018-01-04,1,50203.46,18,0.0,0.0,9036.62,0.0
2242D4F292,A8AE15C1E6,012018,ST3680004965,2018-01-30,1201,248647.5,12,,,29837.7,0.0
B64AAF6835,FA8D45A223,012018,8953026901,2018-01-20,1,67067.25,28,0.0,0.0,18778.83,0.0
0F08B6DF08,C1C058DFB2,012018,PBPN0118E1301484,2018-01-08,1,35459155.72,18,3191324.13,3191324.13,,
B017546699,6391A8EBE9,012018,W40525190118L,2018-01-19,1801,12039.0,18,1083.51,1083.51,,0.0
C1C058DFB2,3FD3824118,012018,1764,2018-01-23,1800,9650.0,18,,,1737.0,
8749F52DE8,617194568B,012018,2287/2017-18,2018-01-16,501,37000.0,5,925.0,925.0,,0.0
8749F52DE8,F544B3B7C3,012018,2740S0001241,2018-01-18,1,3048.05,28,,,853.45,
C44FFF7C7A,A1E54C52B7,012018,H05A218101003038,2018-01-25,1,233957.9,12,0.0,0.0,28075.0,0.0
099952F740,277CCA9B6E,012018,2692,2018-01-18,1801,8582.14,18,772.39,772.39,,0.0
C9202698C4,0A86E60DE5,012018,MP257901069,2018-01-05,1,1022649.67,12,0.0,0.0,122717.96,0.0
F4F23F71CC,5BE3D3B917,012018,IPB00DDLX0019493,2018-01-10,2,210000.0,5,5250.0,5250.0,,
8381D0626D,038C888B45,012018,5462009022,2018-01-04,1,293759.32,12,,,35251.12,
0B1F7470CA,1C5D0BEAC6,012018,INV1718/543,2018-01-25,1801,15393.0,18,1385.37,1385.37,,0.0
B64AAF6835,FA8D45A223,012018,8953026563,2018-01-19,1,111778.75,28,0.0,0.0,31298.05,0.0
7EC06C0F12,74A368871F,012018,PB01ELI053741017,2018-01-11,1,11750.0,18,1057.5,1057.5,,
ED1A30241D,61D070FF8B,012018,FO/5821,2018-01-24,1,2781.0,18,250.29,250.29,,0.0
8749F52DE8,F3FD4AC521,012018,HLI-LDA-1712-088,2018-01-01,1,2444.1,18,219.97,219.97,,0.0
65B11036F4,9636DF1EB5,012018,10123080001661,2018-01-05,1,93.22,18,,,16.78,
2DCA4E61B2,EFF29A98AD,012018,G0970011064,2018-01-19,2,145198.8,12,,,17423.86,0.0
B64AAF6835,FA8D45A223,012018,8952031338,2018-01-14,1,38768.1,28,0.0,0.0,10855.07,0.0
80E18AC42B,69E6177B95,012018,9995008269,2018-01-31,1,3589931.5,12,0.0,0.0,430791.78,0.0
62CD3BF990,1D916FB203,012018,3702013266,2018-01-13,1801,393575.0,18,,,70843.5,0.0
B64AAF6835,3A231AF03F,012018,8915460514,2018-01-06,1,143247.78,28,0.0,0.0,40109.38,0.0
86DFEB0A3F,98DBA6A4C3,012018,24113001111633,2018-01-02,1,665737.0,5,0.0,0.0,33287.0,0.0
CADC29DB4C,8CDD4D0034,012018,HDER/PB-1/001,2018-01-01,2800,7603.0,28,1064.42,1064.42,,
96213E7C2C,81D3A301C0,012018,1135660740,2018-01-20,3,217160.59,28,,,60804.97,0.0
0FF6759AB7,3CFC218C41,012018,PB1100053944,2018-01-23,501,706947.52,5,17673.69,17673.69,,0.0
F4E518B376,3BEF7384F9,012018,16245,2018-01-24,1,12353.0,18,,,2223.54,0.0
8749F52DE8,A422A99DA5,012018,09LNS0025755,2018-01-25,1,473280.67,28,,,132518.58,
824D0342B8,60133EB8FF,012018,17182591B,2018-01-25,501,116335.58,5,2908.39,2908.39,,0.0
FAB06B8D5F,85D78C23F7,012018,LTS1360P01,2018-01-02,2,58042.67,18,,,10447.68,0.0
B64AAF6835,FA8D45A223,012018,8953025113,2018-01-11,1,109511.75,28,0.0,0.0,30663.29,0.0
0F08B6DF08,41074F3B58,012018,2118704230000972,2018-01-30,1,2918.64,28,0.0,0.0,817.22,0.0
C1C058DFB2,4954D8982D,012018,QACA1718/05046,2018-01-05,1801,3500.0,18,,,630.0,0.0
B64AAF6835,FA8D45A223,012018,8952034366,2018-01-29,1,38768.1,28,0.0,0.0,10855.07,0.0
5DA0527958,1B430C667D,012018,ICN-2017-18-4071,2018-01-24,1801,2376.5,18,,,427.77,0.0
6920AA6331,6186DCE398,012018,1081,2018-01-15,2,5382395.0,0,0.0,0.0,,0.0
0FF6759AB7,6C7EB3AAF6,012018,4630123233,2018-01-19,1,204088.5,28,,,57144.78,
0F08B6DF08,E306607037,012018,2118702230004777,2018-01-11,1,3875.59,18,0.0,0.0,697.61,0.0
0FF6759AB7,08C5711378,012018,1214,2018-01-27,1801,489464.0,18,,,88103.52,0.0
62CD3BF990,657B1CD6F6,012018,3724028916,2018-01-04,1,40202.5,18,0.0,0.0,7236.45,
33DE87467E,2A382B95A8,012018,11864,2018-01-24,1,3000.0,18,270.0,270.0,,
39CBE490DA,B77A5168B0,012018,NDCPB0002347068,2018-01-05,1,493.6,18,44.42,44.42,0.0,0.0
776BBCB820,C853364A18,012018,118,2018-01-21,1,46298.26,18,4166.84,4166.84,,0.0
A688617A12,F887B76D41,012018,FGS/17/P/18561,2018-01-02,1,180000.0,28,0.0,0.0,50400.0,0.0
79D06279B2,B77A5168B0,012018,NDCPB0002297967,2018-01-04,1,1469.82,18,132.28,132.28,0.0,0.0
6920AA6331,915F82AAB8,012018,83R,2018-01-19,1,1532299.0,0,0.0,0.0,,
B64AAF6835,FA8D45A223,012018,8952034182,2018-01-28,1,81413.01,28,0.0,0.0,22795.64,0.0
5DA0527958,9460E90BF6,012018,ATS/JAN-18/5904,2018-01-15,2,4368.0,18,393.12,393.12,,0.0
7505EF1EFB,277CCA9B6E,012018,ASR1/1200,2018-01-31,1201,267.85,12,16.07,16.07,,0.0
7EC06C0F12,98DBA6A4C3,012018,24113001119811,2018-01-17,1,2302560.0,18,0.0,0.0,414461.0,0.0
A7D3CEE190,FE75D160C8,012018,1118728834,2018-01-30,1,4626308.08,12,,,555156.92,
0B1F7470CA,E7F4F90419,012018,1470075105,2018-01-11,1,2117075.0,28,,,592781.0,
824D0342B8,1ACC315CEE,012018,1007883603,2018-01-08,1,313020.0,12,0.0,0.0,37562.4,0.0
CADC29DB4C,23473A935F,012018,6170,2018-01-12,2801,3116.0,28,436.24,436.24,,0.0
CED3A7832E,E4ADFC569C,012018,3860018194,2018-01-10,2,12356.0,18,,,2224.08,
D418B1AEB2,79C105FEC2,012018,KC/001420/UP/TI,2018-01-01,1801,55149.0,18,,,9926.82,0.0
5A4FC8F226,AA67FDC3A6,012018,04B045/21126,2018-01-14,1,42144.66,5,,,2107.23,5892.0
5DA0527958,1B430C667D,012018,ICN-2017-18-4081,2018-01-24,1801,2376.5,18,,,427.77,0.0
824D0342B8,4D0958D30E,012018,PBPO0005431009,2018-01-01,1,30.0,18,2.7,2.7,,
C87EDD8683,84C0482D7C,012018,INVKA0000004741,2018-01-01,2801,2087.0,28,,,584.36,0.0
12D70FC2D9,DF764E9128,012018,DLI185126915104O,2018-01-10,1,5875.0,5,,,294.0,
B64AAF6835,FA8D45A223,012018,8952031791,2018-01-17,1,81413.01,28,0.0,0.0,22795.64,0.0
73D046461A,3B93E48573,012018,1504,2018-01-04,1,22968.76,28,3215.63,3215.63,,0.0
7505EF1EFB,90A0F952E7,012018,1873,2018-01-08,2801,4688.79,28,656.43,656.43,,0.0
73D046461A,DF893F4C4B,012018,31801001300153,2018-01-13,1801,18687.5,18,1681.88,1681.88,,0.0
E7A5A47B46,AACD64F8C9,012018,2600,2018-01-31,1801,20769.0,18,1869.21,1869.21,,0.0
A7215054CB,A1AFA4A38D,012018,3104036389,2018-01-30,1801,100500.0,18,,,18090.0,0.0
5A4FC8F226,AA67FDC3A6,012018,04B045/20263,2018-01-09,1,41829.92,5,,,2091.5,5848.0
B64AAF6835,C09D5ACE3D,012018,022-9012/17-BER,2018-01-06,1,8571.85,28,1200.06,1200.06,,
6920AA6331,B3E083CAB4,012018,FR/NA/0315,2018-01-27,1801,67300.0,18,,,12114.0,0.0
A5227F3731,79AA2416B8,012018,LUD/17/TI/G1038,2018-01-08,1801,4554.0,18,409.86,409.86,,0.0
C1C058DFB2,F0B3C6AB89,012018,T-674,2018-01-06,101,10650.0,18,958.5,958.5,0.0,0.0
D2D5838FE3,79555279E7,012018,04901,2018-01-11,1,248654.74,12,14919.28,14919.28,,0.0
C0CDC4F754,CA2B65EED4,012018,CHD7102329,2018-01-06,1,292.0,18,,,52.56,0.0
A5227F3731,B77A5168B0,012018,NDCPB0002126687,2018-01-03,1,515.2,18,46.37,46.37,0.0,0.0
DA889E1B83,2588C207C5,012018,VJ2900351689,2018-01-10,1801,583671.0,18,,,105060.78,0.0
C1C058DFB2,F0B3C6AB89,012018,T-830,2018-01-31,101,2000.0,18,180.0,180.0,0.0,0.0
0F08B6DF08,41074F3B58,012018,2118704230000870,2018-01-15,1,418820.88,28,0.0,0.0,117269.85,0.0
2B8494EEE3,5D2B474AB5,012018,1705028284,2018-01-17,1,2589184.0,28,0.0,0.0,724971.52,0.0
A7215054CB,AB7EC76246,012018,2017/GST/032,2018-01-10,500,724000.0,5,,,36200.0,
B64AAF6835,FA8D45A223,012018,8953026570,2018-01-19,1,67067.25,28,0.0,0.0,18778.83,0.0
D418B1AEB2,1F5FD00910,012018,150/1718CU/00296,2018-01-29,1,850.0,18,0.0,0.0,153.0,0.0
0F08B6DF08,E306607037,012018,2118702230004897,2018-01-18,1,2133.58,18,0.0,0.0,384.04,0.0
D418B1AEB2,E59B0EE3EC,012018,PB1000000197,2018-01-18,1,636525.0,18,57287.25,57287.25,0.0,0.0
3536A3DD25,AD2FE8E06E,012018,2017/M1000005400,2018-01-18,1801,8100.0,18,,,1458.0,0.0
DA889E1B83,2588C207C5,012018,VJ2900339561,2018-01-04,1801,785407.0,18,,,141373.26,0.0
3536A3DD25,CB1F9DC486,012018,29,2018-01-02,1,1949.0,18,175.41,175.41,,0.0
0B1F7470CA,D9F8AEB268,012018,T-1142,2018-01-24,101,116048.0,18,10444.32,10444.32,0.0,0.0
A5227F3731,06763B4F36,012018,2073,2018-01-19,1801,4000.0,18,,,720.0,0.0
7505EF1EFB,EE2F3051F7,012018,PB02AA0217007534,2018-01-20,1,470.72,28,65.9,65.9,,0.0
3E1678B062,2943E2D2BB,012018,ST0001404609,2018-01-29,1801,6720810.0,18,,,1209745.8,0.0
446822C03B,DC8C97A14B,012018,3170,2018-01-12,1801,173146.0,18,,,31166.28,0.0
65B11036F4,8A3A467E72,012018,031801G10007338,2018-01-03,1,5893.74,18,530.44,530.44,,0.0
0B1F7470CA,622D69225D,012018,1132022288,2018-01-05,1,778385.71,28,,,217948.0,
C1C058DFB2,A83517B656,012018,008502,2018-01-24,1801,14650.0,18,,,2637.0,0.0
FAB06B8D5F,4C1B6D53D5,012018,WCSPL/GST/2616,2018-01-17,1801,982584.0,18,,,176865.12,0.0
65B11036F4,CACD76C2F8,012018,324,2018-01-02,1801,18431.0,18,,,3317.58,0.0
F4E518B376,C3C7617F82,012018,208,2018-01-12,1,144000.0,18,,,25920.0,0.0
A7D3CEE190,83E801D49D,012018,NZ17-18/2904,2018-01-18,1200,368745.0,12,,,44249.4,
A688617A12,F887B76D41,012018,FGS/17/P/18847,2018-01-06,1,168000.0,28,0.0,0.0,47040.0,0.0
B64AAF6835,4BD4B1EDEA,012018,HCD4145,2018-01-15,1801,17204.5,18,,,3096.81,0.0
D549CF5003,B4FA749917,012018,SR-785,2018-01-19,501,1104.0,5,27.6,27.6,,0.0
A7D3CEE190,D4C0864609,012018,TML/PP/1718/2017,2018-01-30,1,607110.0,12,0.0,0.0,72853.2,0.0
B64AAF6835,FA8D45A223,012018,8953026981,2018-01-21,1,111252.75,28,0.0,0.0,31150.77,0.0
C44FFF7C7A,21D79BDA25,012018,4017507283,2018-01-25,1800,175500.78,18,,,31590.14,0.0
8381D0626D,11D87D3B83,012018,UMAX/17-18/3776,2018-01-30,1801,177900.0,18,,,32022.0,0.0
FAB06B8D5F,E4903EFEDF,012018,606217100025,2018-01-12,1801,5390.0,18,485.1,485.1,,0.0
65B11036F4,4D0958D30E,012018,3125080001674,2018-01-05,1,9433.16,18,848.98,848.98,,
B64AAF6835,FA8D45A223,012018,8952031384,2018-01-15,1,38768.1,28,0.0,0.0,10855.07,0.0
BD0CF34039,9EFF964158,012018,47,2018-01-05,1800,15000.0,18,,,2700.0,
446822C03B,21D79BDA25,012018,4017507199,2018-01-22,1800,143942.37,18,,,25909.63,0.0
D700E408A8,BE20B5FA71,012018,OS2702026367,2018-01-11,1801,4934062.0,18,,,888131.16,0.0
2DCA4E61B2,CB82D50FE1,012018,UP0000010443,2018-01-17,1,757341.75,12,,,90881.01,
6920AA6331,430171AB41,012018,225,2018-01-15,1,1539982.0,0,0.0,0.0,,0.0
86DFEB0A3F,3CFC218C41,012018,PB1100055414,2018-01-28,1801,663276.97,18,59694.93,59694.93,,0.0
7505EF1EFB,EE2F3051F7,012018,PB02AA0217007300,2018-01-11,1,799.5,18,71.96,71.96,,0.0
5A4FC8F226,AA67FDC3A6,012018,04B045/20287,2018-01-09,1,41944.37,5,,,2097.22,5864.0
776BBCB820,F8698DC0A9,012018,1326,2018-01-16,1,140.0,18,12.6,12.6,,0.0
5A4FC8F226,AA67FDC3A6,012018,04B045/20376,2018-01-10,1,41887.15,5,,,2094.36,5856.0
D2D5838FE3,71A890893A,012018,59,2018-01-09,1,1325426.3,5,33135.66,33135.66,,0.0
C9202698C4,BD6DE4D318,012018,CM/SER/PGHP/022,2018-01-02,1801,147193.5,18,13247.42,13247.42,,0.0
0F08B6DF08,41074F3B58,012018,2118704230000953,2018-01-25,1,12947.61,18,0.0,0.0,2330.57,0.0
D2D5838FE3,4C2BF3DC3E,012018,874,2018-01-05,1801,1000.0,18,,,180.0,0.0
A688617A12,F887B76D41,012018,FGS/17/P/20576,2018-01-22,1,128000.0,28,0.0,0.0,35840.0,0.0
65B11036F4,59EEAF38D4,012018,DLI/448/17-18,2018-01-06,1800,26060.0,18,,,4690.8,
776BBCB820,C853364A18,012018,119,2018-01-21,1,20580.28,18,1852.23,1852.23,,0.0
CADC29DB4C,23473A935F,012018,5876,2018-01-05,2801,1468.0,28,205.52,205.52,,0.0
099952F740,B4BCDBC1B9,012018,SI171879-01210,2018-01-12,1,18297.26,12,1097.84,1097.84,0.0,0.0
D700E408A8,C14E8A9AD7,012018,MULD/17-18/00920,2018-01-13,1801,405156.0,18,,,72928.08,0.0
A688617A12,F887B76D41,012018,FGR/17/P/49837,2018-01-29,1,40000.0,28,0.0,0.0,11200.0,0.0
33DE87467E,A70C6E2629,012018,3965FMBIL0006968,2018-01-13,1,260.0,18,23.4,23.4,,0.0
B017546699,437084A8FB,012018,2155,2018-01-20,1,164000.0,28,22960.0,22960.0,0.0,0.0
776BBCB820,0F7D7CD530,012018,5396202070,2018-01-09,1,4189.97,18,,,754.19,
D549CF5003,6594D7858F,012018,Y00005,2018-01-31,1,7206.0,18,648.54,648.54,,0.0
D418B1AEB2,F3F34CB33F,012018,CHD/17-18/1657,2018-01-31,1201,7750.0,12,,,930.0,0.0
CADC29DB4C,F8716AE00E,012018,T00942,2018-01-22,1,635.58,18,57.2,57.2,,0.0
79D06279B2,99D5A0F5A0,012018,TC-3384,2018-01-19,102,6101.68,18,549.15,549.15,0.0,0.0
2DCA4E61B2,5846AEBDE9,012018,G/P2/17-18/3182,2018-01-31,1,824665.0,12,0.0,0.0,98960.0,0.0
B64AAF6835,FA8D45A223,012018,8953024940,2018-01-10,1,67067.25,28,0.0,0.0,18778.83,0.0
65B11036F4,8A3A467E72,012018,031801G10006639,2018-01-03,1,6997.83,18,629.8,629.8,,0.0
86DFEB0A3F,D025848585,012018,1092200230,2018-01-20,1801,1043375.0,18,,,187807.5,0.0
B64AAF6835,FA8D45A223,012018,8953028220,2018-01-27,1,111778.75,28,0.0,0.0,31298.05,0.0
C0CDC4F754,B0C946B206,012018,148ATQ/BSDEC17,2018-01-01,1,63800.0,18,,,11484.0,0.0
C44FFF7C7A,4EB3641FC2,012018,308,2018-01-04,1,163468.8,18,0.0,0.0,29424.38,0.0
A7D3CEE190,9D153A1309,012018,CHSAL110881718,2018-01-30,1,2019925.71,18,0.0,0.0,363586.63,0.0
824D0342B8,79555279E7,012018,05212,2018-01-23,1,50563.8,12,3033.83,3033.83,,0.0
8749F52DE8,96BF4CA863,012018,TNS17/340231,2018-01-09,1801,1600.0,18,,,288.0,0.0
0F08B6DF08,C1C058DFB2,012018,PBPN0118R1101428,2018-01-04,1,31900054.32,18,2871004.8,2871004.8,,
C0CDC4F754,CA2B65EED4,012018,CHD7204982,2018-01-01,1,292.0,18,,,52.56,0.0
CADC29DB4C,F8AA5CA3BF,012018,ASR-6964,2018-01-19,1801,20817.6,18,1873.58,1873.58,,0.0
8749F52DE8,617194568B,012018,2238/2017-18,2018-01-09,501,37262.8,5,931.57,931.57,,0.0
776BBCB820,0F7D7CD530,012018,5396201911,2018-01-09,1,6284.96,18,,,1131.29,
62CD3BF990,62CB2D3C4D,012018,GSTV-13525,2018-01-13,501,6000.0,5,150.0,150.0,,0.0
C9202698C4,0A86E60DE5,012018,MP257901274,2018-01-24,1,957596.74,12,0.0,0.0,114911.61,0.0
CADC29DB4C,23473A935F,012018,6531,2018-01-22,1801,800.0,18,72.0,72.0,,0.0
2DCA4E61B2,D94317E830,012018,GJ0300000301,2018-01-03,1,5168331.6,12,0.0,0.0,620199.79,0.0
C15EA8D5A2,F13D0F42B5,012018,104322,2018-01-31,1801,23779.0,18,,,4280.22,0.0
1480269030,68D316FF83,012018,004440047761,2018-01-03,1,1998.93,18,0.0,0.0,359.81,0.0
CADC29DB4C,017D103D88,012018,002/BI/17001252,2018-01-02,1,8856.8,18,797.11,797.11,,0.0
A688617A12,F887B76D41,012018,FGS/17/P/20678,2018-01-23,1,140000.0,28,0.0,0.0,39200.0,0.0
3536A3DD25,AD2FE8E06E,012018,2017/M1000004059,2018-01-08,1801,2919.99,18,,,525.6,0.0
7EC06C0F12,98DBA6A4C3,012018,24113003072308,2018-01-05,1,2472500.0,18,0.0,0.0,445050.0,0.0
A688617A12,F887B76D41,012018,FGS/17/P/20331,2018-01-20,1,120000.0,28,0.0,0.0,33600.0,0.0
B64AAF6835,FA8D45A223,012018,8953026758,2018-01-20,1,67067.25,28,0.0,0.0,18778.83,0.0
7EC06C0F12,98DBA6A4C3,012018,24113001118454,2018-01-14,1,2579310.0,18,0.0,0.0,464276.0,0.0
776BBCB820,4A0811543A,012018,102171801237,2018-01-25,1,909795.18,18,,,163763.13,0.0
B64AAF6835,FA8D45A223,012018,8953025175,2018-01-12,1,67067.25,28,0.0,0.0,18778.83,0.0
33DE87467E,CC9AB88086,012018,0223FMBIL0016021,2018-01-31,1801,6800.0,18,612.0,612.0,,0.0
62CD3BF990,A99F0E58FF,012018,3706037535,2018-01-24,1,92137.5,18,0.0,0.0,16584.75,
A515052EAE,A5B7EB08B5,012018,326,2018-01-25,1801,1632.0,18,,,293.76,0.0
0B1F7470CA,47B312026B,012018,1117149976,2018-01-17,1,297000.0,28,,,83160.0,
96213E7C2C,EFFF14DCCC,012018,1138455660,2018-01-03,1801,1877554.3,18,,,337959.77,0.0
80E18AC42B,17B935A796,012018,2017-18/0182,2018-01-27,1200,1461005.0,12,,,175320.6,
44C4210B8E,932E7C2E44,012018,RI-SEC18-1156,2018-01-12,1801,5000.0,18,450.0,450.0,,0.0
824D0342B8,B74EF802BB,012018,07,2018-01-01,1800,662106.0,18,59589.54,59589.54,,
B64AAF6835,0379FAAB49,012018,GIPL170497,2018-01-01,501,158674.0,5,,,7933.7,0.0
8749F52DE8,A422A99DA5,012018,09LNS0025678,2018-01-24,1,19338165.0,12,,,2320579.8,
C1C058DFB2,3FD3824118,012018,1622,2018-01-08,1800,5000.0,18,,,900.0,
5DA0527958,D9ECC0D2DB,012018,NTC-MH-10000097,2018-01-31,1801,277432.0,18,,,49937.76,0.0
824D0342B8,79555279E7,012018,04657,2018-01-03,1,268994.04,12,16139.64,16139.64,,0.0
1480269030,68D316FF83,012018,004440049682,2018-01-12,1,2198.87,18,0.0,0.0,395.8,0.0
B64AAF6835,FA8D45A223,012018,8952031286,2018-01-14,1,38768.1,28,0.0,0.0,10855.07,0.0
B64AAF6835,FA8D45A223,012018,8952031453,2018-01-15,1,81413.01,28,0.0,0.0,22795.64,0.0
A5227F3731,12383AF485,012018,211,2018-01-04,1801,300.0,18,27.0,27.0,,0.0
A5227F3731,D3AE218D1A,012018,12650,2018-01-29,1,1346.0,18,121.14,121.14,,0.0
65B11036F4,3C2D2A7F6F,012018,NCHFM0000715,2018-01-10,1,11449.36,18,0.0,0.0,2060.89,0.0
80E18AC42B,C393328ACA,012018,9709600385,2018-01-23,1,1015119.0,12,0.0,0.0,121814.28,0.0
D418B1AEB2,6163928F28,012018,1480/17-18,2018-01-27,1,550.0,18,,,99.0,
B64AAF6835,FA8D45A223,012018,8952034007,2018-01-27,1,38768.1,28,0.0,0.0,10855.07,0.0
C44FFF7C7A,21D79BDA25,012018,4017506557,2018-01-05,1800,140259.27,18,,,25246.67,0.0
D418B1AEB2,9A3DC12E25,012018,20180000000542,2018-01-24,1801,11949.3,18,1075.44,1075.44,,0.0
C1C058DFB2,4954D8982D,012018,QACA1718/05033,2018-01-05,1801,2000.0,18,,,360.0,0.0
62CD3BF990,A99F0E58FF,012018,3706036176,2018-01-19,1,292041.75,18,0.0,0.0,52567.53,
6920AA6331,BC7FBB813E,012018,1269,2018-01-14,501,970869.6,5,,,48543.48,0.0
C0CDC4F754,CA2B65EED4,012018,CHD7205548,2018-01-27,1,292.0,18,,,52.56,0.0
6920AA6331,6186DCE398,012018,1107,2018-01-17,2,4599361.0,0,0.0,0.0,,0.0
A515052EAE,1D027E6F5D,012018,RV0106003973,2018-01-31,1801,669479.82,18,,,120506.37,0.0
6920AA6331,E8E228E7ED,012018,G1000,2018-01-02,1,0.0,0,0.0,0.0,,0.0
96213E7C2C,81D3A301C0,012018,1135660447,2018-01-15,3,306267.03,28,,,85754.77,0.0
62CD3BF990,A99F0E58FF,012018,3706035656,2018-01-17,1,3532202.3,18,0.0,0.0,635796.41,
E9A71DE9AC,3151C6F8EF,012018,JMMSPL/DL/DD185,2018-01-01,1801,3679.0,18,,,662.22,0.0
0F08B6DF08,41074F3B58,012018,2118704230000813,2018-01-08,1,2159.76,18,0.0,0.0,388.76,0.0
CADC29DB4C,8B2B2B3A61,012018,006/BI/17001233,2018-01-10,1,20254.56,18,1822.91,1822.91,,0.0
FAB06B8D5F,85D78C23F7,012018,LTS1356P01,2018-01-02,2,1731.5,28,,,484.82,0.0
65B11036F4,8A3A467E72,012018,031801G10006637,2018-01-03,1,6668.82,18,600.19,600.19,,0.0
A515052EAE,A5122A6629,012018,G867909,2018-01-06,1801,12673.72,18,,,2281.27,0.0
8749F52DE8,4A91C664CF,012018,1821S0000472,2018-01-25,1,3281.35,18,,,590.64,
C1C058DFB2,3FD3824118,012018,1844,2018-01-29,1800,5000.0,18,,,900.0,
6920AA6331,430171AB41,012018,230,2018-01-16,1,1537541.0,0,0.0,0.0,,0.0
B64AAF6835,FA8D45A223,012018,8953024660,2018-01-09,1,111484.25,28,0.0,0.0,31215.59,0.0
C0CDC4F754,61886BF0A1,012018,IXC/JAN/03,2018-01-20,1800,8814.85,18,793.34,793.34,,
F4F23F71CC,5BE3D3B917,012018,IPB00DDLE0021742,2018-01-31,1,1200.0,18,108.0,108.0,,
8749F52DE8,0EA451E8FD,012018,OT-SAM/I-220,2018-01-09,1800,28000.0,18,,,5040.0,
D2D5838FE3,7C4AD4C350,012018,2003,2018-01-05,1800,64900.0,18,5841.0,5841.0,,
824D0342B8,87862601C2,012018,921811575,2018-01-16,1,29952.0,0,0.0,0.0,0.0,0.0
8749F52DE8,0EA451E8FD,012018,OT-SAM/I-214,2018-01-09,1800,8155.0,18,,,1467.9,
C15EA8D5A2,F13D0F42B5,012018,104274,2018-01-31,1801,22145.0,18,,,3986.1,0.0
446822C03B,ACCF353E8B,012018,1857/Z/TI/17-18,2018-01-20,1,78695.0,18,0.0,0.0,14165.1,0.0
C9202698C4,0A86E60DE5,012018,MP257901315,2018-01-30,1,431202.5,12,0.0,0.0,51744.3,0.0
2242D4F292,DE082D3E0E,012018,ST0980005847,2018-01-03,1801,690460.0,18,,,124282.8,0.0
3536A3DD25,410127754A,012018,17371,2018-01-05,1,2950.0,18,265.5,265.5,,0.0
776BBCB820,D025848585,012018,1092200198,2018-01-13,1801,1210315.0,18,,,217856.7,0.0
73D046461A,C7BBA747FF,012018,GST-1124,2018-01-12,2,51562.5,28,7218.75,7218.75,,0.0
2B8494EEE3,5D2B474AB5,012018,1705029681,2018-01-27,1,3236480.0,28,0.0,0.0,906214.4,0.0
B64AAF6835,FA8D45A223,012018,8953028418,2018-01-28,1,64876.95,28,0.0,0.0,18165.55,0.0
7505EF1EFB,3335E00EDA,012018,TI/17-18/174,2018-01-09,2,3835.0,28,536.9,536.9,,0.0
F4F23F71CC,5BE3D3B917,012018,IPB00DDLE0020277,2018-01-17,1,720.0,18,64.8,64.8,,
C1C058DFB2,4954D8982D,012018,QACA1718/05710,2018-01-18,1801,21000.0,18,,,3780.0,0.0
DA889E1B83,2588C207C5,012018,VJ2900359203,2018-01-14,1801,687980.0,18,,,123836.4,0.0
82A4AF86FD,65B11036F4,012018,4320785032,2018-01-04,1,16960.0,18,1526.4,1526.4,0.0,0.0
65B11036F4,B7CED7AB0C,012018,RV1803003884,2018-01-24,1,131579.65,18,0.0,0.0,23684.34,0.0
C44FFF7C7A,21D79BDA25,012018,4017506546,2018-01-05,1800,182516.89,18,,,32853.04,0.0
F3D1E24350,A62B9D2D0C,012018,0017010660,2018-01-15,1801,841209.6,18,,,151417.73,0.0
B64AAF6835,3A231AF03F,012018,8915468124,2018-01-26,1,145270.1,28,0.0,0.0,40675.63,0.0
A688617A12,F887B76D41,012018,FGS/17/P/18540,2018-01-02,1,200000.0,28,0.0,0.0,56000.0,0.0
3536A3DD25,3FEA3EF660,012018,MHFCPL17180341,2018-01-27,1801,179078.0,18,,,32234.04,0.0
E7A5A47B46,79AA2416B8,012018,LUD/17/TI/G1143,2018-01-30,1801,23700.0,18,2133.0,2133.0,,0.0
A688617A12,F887B76D41,012018,FGS/17/P/20229,2018-01-20,1,140000.0,28,0.0,0.0,39200.0,0.0
099952F740,1C8E655C92,012018,MTH00911,2018-01-02,1801,18972.08,18,1707.49,1707.49,,0.0
B64AAF6835,3A231AF03F,012018,8915467433,2018-01-24,1,143921.89,28,0.0,0.0,40298.13,0.0
776BBCB820,D025848585,012018,1092200210,2018-01-17,1801,834700.0,18,,,150246.0,0.0
B64AAF6835,FA8D45A223,012018,8953025072,2018-01-11,1,67067.25,28,0.0,0.0,18778.83,0.0
F4E518B376,934EFAEA5B,012018,AM/2017-18/431,2018-01-03,1801,199175.15,18,17925.76,17925.76,,0.0
C15EA8D5A2,F13D0F42B5,012018,104285,2018-01-31,1801,22145.0,18,,,3986.1,0.0
446822C03B,21D79BDA25,012018,4017506657,2018-01-08,1800,217763.51,18,,,39197.43,0.0
65B11036F4,1E0E7717F0,012018,HR501I1710400450,2018-01-25,1801,261276.0,18,,,47029.68,0.0
824D0342B8,87862601C2,012018,921811848,2018-01-31,1,3018634.0,18,0.0,0.0,543354.12,0.0
44C4210B8E,FF8FCB55FB,012018,DH742796,2018-01-19,1,13356.0,5,,,667.8,0.0
3536A3DD25,C221EEA66C,012018,DEL2315b/17-18,2018-01-24,1201,28074.5,12,,,3368.94,0.0
8749F52DE8,6B577967A0,012018,33LCS0030917,2018-01-04,1,53271.12,28,,,14915.91,
8749F52DE8,617194568B,012018,2235/2017-18,2018-01-09,501,37000.0,5,925.0,925.0,,0.0
7505EF1EFB,EE2F3051F7,012018,PB02000217015957,2018-01-20,2,1370.13,28,191.82,191.82,,0.0
7EC06C0F12,8945989816,012018,18795,2018-01-31,1,7000.0,12,,,840.0,0.0
C0CDC4F754,CA2B65EED4,012018,CHD7102259,2018-01-02,1,292.0,18,,,52.56,0.0
CADC29DB4C,FAF64E6D22,012018,5141,2018-01-16,1,9519.49,18,856.75,856.75,,0.0
D418B1AEB2,8749F52DE8,012018,03NGI0014532,2018-01-30,1,17497.0,18,1574.73,1574.73,,
824D0342B8,1ACC315CEE,012018,1007883567,2018-01-06,1,313020.0,12,0.0,0.0,37562.4,0.0
8749F52DE8,D5AD779678,012018,1920S0000951,2018-01-12,1,8341.92,18,,,1501.55,
E9A71DE9AC,551DD20BC5,012018,J9PDA12725,2018-01-12,1,103060.16,18,0.0,0.0,18550.83,0.0
DA889E1B83,2588C207C5,012018,VJ2900357701,2018-01-13,1801,723200.0,18,,,130176.0,0.0
73D046461A,C2C0A447FC,012018,T-381,2018-01-15,101,13515.62,28,1892.19,1892.19,0.0,0.0
7505EF1EFB,F9025D6DD8,012018,GST/LBR/476,2018-01-09,1801,700.0,18,63.0,63.0,,0.0
C9202698C4,0A86E60DE5,012018,MP653110260,2018-01-10,1,430033.32,12,0.0,0.0,51604.0,0.0
CED3A7832E,005A8D5BC6,012018,33,2018-01-27,1800,699900.0,18,,,125982.0,
A7215054CB,A1AFA4A38D,012018,3104036410,2018-01-31,1801,272500.0,18,,,49050.0,0.0
0F08B6DF08,41074F3B58,012018,2118704230000797,2018-01-04,1,83099.01,18,0.0,0.0,14957.82,0.0
D549CF5003,B77A5168B0,012018,NDCPB0002192340,2018-01-04,1,1374.97,18,123.75,123.75,0.0,0.0
824D0342B8,FE56BCCFED,012018,DLN0000002722,2018-01-09,1,11922.11,18,,,2145.98,
6920AA6331,B3E083CAB4,012018,GS/NA/0815,2018-01-27,501,970870.0,5,,,48543.5,0.0
824D0342B8,87862601C2,012018,921811783,2018-01-28,1,2740605.0,18,0.0,0.0,493308.9,0.0
6920AA6331,6D44B75C61,012018,T-27,2018-01-01,101,1175011.92,18,105751.07,105751.07,0.0,0.0
CED3A7832E,5541305AD9,012018,9295058211,2018-01-20,2801,1643800.0,28,,,460264.0,0.0
824D0342B8,60133EB8FF,012018,17182691B,2018-01-31,501,4708620.0,5,117715.5,117715.5,,0.0
7EC06C0F12,98DBA6A4C3,012018,24113002015780,2018-01-19,1,476450.0,18,0.0,0.0,85761.0,0.0
F4E518B376,D0C57C52FD,012018,51,2018-01-02,3,232.0,28,32.48,32.48,,0.0
DA889E1B83,2588C207C5,012018,VJ2900351745,2018-01-10,1801,589364.0,18,,,106085.52,0.0
B64AAF6835,FA8D45A223,012018,8953024742,2018-01-09,1,67941.6,28,0.0,0.0,19023.65,0.0
3536A3DD25,3F0BBB4B36,012018,SA/132,2018-01-02,1800,28886.4,18,,,5199.55,
62CD3BF990,1D916FB203,012018,3702012105,2018-01-01,1801,61152.0,18,,,11007.36,0.0
80E18AC42B,2116F0C5F6,012018,9190060475,2018-01-06,2,320043.93,12,0.0,0.0,38405.27,0.0
776BBCB820,0F7D7CD530,012018,5396201755,2018-01-08,1,6284.96,18,,,1131.29,
D2D5838FE3,7F13EC456F,012018,1475,2018-01-27,1,205993.8,18,18539.44,18539.44,,0.0
F4E518B376,E6579CBB25,012018,1875,2018-01-01,1800,21000.0,18,1890.0,1890.0,,
86DFEB0A3F,507FDBAC1E,012018,9918010344710015,2018-01-12,1,50000.0,5,1250.0,1250.0,,
A515052EAE,3ED20EA789,012018,F898583,2018-01-18,1801,43755.1,18,,,7875.92,0.0
A2A1EFDBE6,40EC92E469,012018,25,2018-01-01,1801,8400.0,18,756.0,756.0,,0.0
A7215054CB,F8698DC0A9,012018,1405,2018-01-27,1,8976.0,12,538.56,538.56,,0.0
73D046461A,CF81423202,012018,4677,2018-01-20,1,2299.0,12,137.94,137.94,,0.0
48880B72AF,AEF9A640CD,012018,PB031718ARTI708,2018-01-10,1,6750.0,18,607.5,607.5,0.0,0.0
B64AAF6835,FA8D45A223,012018,8953026584,2018-01-19,1,67067.25,28,0.0,0.0,18778.83,0.0
776BBCB820,65FFDFC2FF,012018,PBM17GSR640,2018-01-24,1,997902.0,18,89811.18,89811.18,0.0,0.0
44C4210B8E,660C75EF28,012018,9191701144,2018-01-24,1801,265000.0,18,23850.0,23850.0,,0.0
48880B72AF,00FD48DFA3,012018,APST03LD0118005,2018-01-01,1801,78798.36,18,7091.85,7091.85,,0.0
B64AAF6835,FA8D45A223,012018,8953023444,2018-01-02,1,67067.25,28,0.0,0.0,18778.83,0.0
B64AAF6835,2B92A62F6D,012018,452,2018-01-15,1,457740.36,5,11443.51,11443.51,,0.0
65B11036F4,3F9F1F0DFF,012018,5600240952,2018-01-31,1,399.06,18,0.0,0.0,71.83,0.0
B017546699,6DDF330CD1,012018,0108729117,2018-01-24,1,1203125.0,28,0.0,0.0,336875.0,0.0
7505EF1EFB,126885DC21,012018,PB-011919,2018-01-08,2,3175.0,18,285.75,285.75,,0.0
6920AA6331,97981AEB36,012018,1770,2018-01-03,1,296.62,18,26.7,26.7,,0.0
0B1F7470CA,622D69225D,012018,1132023153,2018-01-27,1,2663071.43,28,,,745660.0,
2B8494EEE3,7A6F8DAAF6,012018,FRA201078,2018-01-07,1,12993.15,18,,,2338.77,0.0
7EC06C0F12,87DE9C0172,012018,1718F07SNL008853,2018-01-18,1,52500.0,12,,,6300.0,
8381D0626D,4A323A5F04,012018,271700001534,2018-01-08,1,45310.0,18,,,8155.8,
A2A1EFDBE6,2AEBC1EFA9,012018,24,2018-01-05,1,26800.0,18,2412.0,2412.0,,0.0
62CD3BF990,79555279E7,012018,05138,2018-01-20,1,159896.0,12,9593.76,9593.76,,0.0
B64AAF6835,FA8D45A223,012018,8953023199,2018-01-01,1,111778.75,28,0.0,0.0,31298.05,0.0
5DA0527958,E53FEB2CEB,012018,MT/GJ10567/1718,2018-01-08,1801,4700.0,18,,,846.0,0.0
73D046461A,98DF905E72,012018,TNM/365/DEC2017,2018-01-01,1801,89354.0,18,,,16083.72,0.0
F4E518B376,E6AB1C1E9B,012018,TCS/1437/2017-18,2018-01-06,1,3600.0,5,,,180.0,0.0
A515052EAE,121CB77399,012018,RV0107002940,2018-01-10,1801,110581.75,18,,,19904.72,0.0
9B80ACFC15,A70E93E37C,012018,917,2018-01-06,1801,23991.0,18,,,4318.38,0.0
B64AAF6835,FA8D45A223,012018,8952031637,2018-01-16,1,38768.1,28,0.0,0.0,10855.07,0.0
62CD3BF990,A99F0E58FF,012018,3706034470,2018-01-12,1,305792.5,18,0.0,0.0,55042.68,
0F08B6DF08,E306607037,012018,2118702230004848,2018-01-17,1,75212.21,18,0.0,0.0,13538.2,0.0
6920AA6331,0D421CDAFA,012018,67R,2018-01-29,1,1530068.0,0,0.0,0.0,,
0F08B6DF08,41074F3B58,012018,2118704230000943,2018-01-22,1,956.81,28,0.0,0.0,267.91,0.0
8749F52DE8,A422A99DA5,012018,09LNS0025665,2018-01-24,1,19472785.5,12,,,2336734.26,
446822C03B,DC8C97A14B,012018,3404,2018-01-30,1801,173146.0,18,,,31166.28,0.0
099952F740,D752CE305D,012018,RR545,2018-01-22,501,63337.14,5,1583.43,1583.43,,0.0
C0CDC4F754,CA2B65EED4,012018,CHD7102271,2018-01-02,1,300.0,18,,,54.0,0.0
0FF6759AB7,6C7EB3AAF6,012018,4630123230,2018-01-19,1,279983.1,18,,,50396.95,
B64AAF6835,FA8D45A223,012018,8953024980,2018-01-10,1,66890.55,28,0.0,0.0,18729.35,0.0
3536A3DD25,D63477CEA3,012018,0311000354,2018-01-10,1,11062.5,18,995.63,995.63,,
7EC06C0F12,EFCE6BCF57,012018,40,2018-01-01,1800,13556.83,18,,,2440.23,
E7A5A47B46,0010215452,012018,237,2018-01-30,1,7910.0,18,,,1423.8,0.0
0F08B6DF08,41074F3B58,012018,2118704230000930,2018-01-19,1,31108.65,18,0.0,0.0,5599.56,0.0
B64AAF6835,3A231AF03F,012018,8915468101,2018-01-26,1,145438.63,28,0.0,0.0,40722.82,0.0
B64AAF6835,FA8D45A223,012018,8953023348,2018-01-01,1,67067.25,28,0.0,0.0,18778.83,0.0
62CD3BF990,1D916FB203,012018,3702012956,2018-01-10,1801,436696.0,18,,,78605.28,0.0
6FE8449522,B3C7A4ACA5,012018,KT111427,2018-01-24,1801,20644.0,18,,,3715.92,0.0
B017546699,7C0F2B0C3C,012018,W8319110118L,2018-01-11,1801,81684.0,18,7351.56,7351.56,,0.0
A5227F3731,84D40172C6,012018,254,2018-01-09,1201,220.0,12,,,26.4,0.0
5DA0527958,1B430C667D,012018,ICN-2017-18-4001,2018-01-24,1801,2376.5,18,,,427.77,0.0
82A4AF86FD,A96C0CB2D2,012018,TIP/PB/0187/IN-S,2018-01-16,1,190377.0,28,,,53305.56,0.0
62CD3BF990,1D916FB203,012018,3702012545,2018-01-05,1801,426465.0,18,,,76763.7,0.0
776BBCB820,2FA3147D01,012018,3502003606000017,2018-01-25,1,24000.0,18,0.0,0.0,4320.0,0.0
39CBE490DA,3D32927D57,012018,39549251,2018-01-01,1,1770.0,18,159.3,159.3,,0.0
D549CF5003,EB3844B4EB,012018,FB/202599,2018-01-02,1,17700.0,18,1593.0,1593.0,,0.0
8749F52DE8,8F0E2DF0B7,012018,2017109,2018-01-18,1,25588.02,28,3582.32,3582.32,,
3536A3DD25,B77A5168B0,012018,NDCPB0002286974,2018-01-04,1,246.0,18,22.14,22.14,0.0,0.0
7EC06C0F12,0F41CA5E3A,012018,44/17-18,2018-01-30,1801,1393.19,18,,,250.77,0.0
6920AA6331,58FBA3BCE9,012018,FCI-136,2018-01-31,101,1546057.0,0,0.0,0.0,0.0,0.0
A515052EAE,09B53F2D75,012018,101900003962,2018-01-03,1,1000297.56,28,140041.66,140041.66,0.0,0.0
A515052EAE,84C0482D7C,012018,1410074343,2018-01-10,1801,58475.0,18,,,10525.5,0.0
C1C058DFB2,4954D8982D,012018,QACA1718/04953,2018-01-03,1801,2000.0,18,,,360.0,0.0
D549CF5003,E4C96EE5EF,012018,13978,2018-01-05,1,3800.0,18,342.0,342.0,,0.0
6FE8449522,3DA2EFD8D8,012018,APO/D1/3307,2018-01-24,1,352529.0,5,8813.23,8813.23,,0.0
0B1F7470CA,47B312026B,012018,1117149554,2018-01-11,1,1148528.57,28,,,321588.0,
F4E518B376,C38100220C,012018,1320,2018-01-10,1801,2000.0,18,,,360.0,0.0
F3D1E24350,12F147A790,012018,17033154,2018-01-15,1801,452250.0,18,,,81405.0,0.0
62CD3BF990,6972933667,012018,3701000166,2018-01-19,1,6480.0,18,0.0,0.0,1166.4,
79D06279B2,A4A3649AAD,012018,C423,2018-01-25,1,2419119.77,18,,,435441.56,0.0
C9202698C4,E382D5165F,012018,HP772409266,2018-01-22,1,746144.01,18,0.0,0.0,134305.92,0.0
62CD3BF990,1D916FB203,012018,3702013717,2018-01-18,1801,388732.5,18,,,69971.85,0.0
86DFEB0A3F,98DBA6A4C3,012018,24113001111541,2018-01-02,1,685284.0,5,0.0,0.0,34264.0,0.0
62CD3BF990,18FF22D9AA,012018,RR4298,2018-01-08,1,2940.0,12,176.4,176.4,,0.0
B64AAF6835,FA8D45A223,012018,8953024768,2018-01-09,1,67067.25,28,0.0,0.0,18778.83,0.0
BFABB4D6D0,233CF82BBA,012018,133/WH/MAP,2018-01-31,1801,17.1,18,1.54,1.54,,0.0
6920AA6331,FAB06B8D5F,012018,903376761,2018-01-27,1801,2117.78,18,190.6,190.6,,0.0
B64AAF6835,FA8D45A223,012018,8953023440,2018-01-02,1,111778.75,28,0.0,0.0,31298.05,0.0
776BBCB820,D025848585,012018,1092200249,2018-01-25,1801,1043375.0,18,,,187807.5,0.0
824D0342B8,79555279E7,012018,04768,2018-01-07,1,78456.0,12,4707.36,4707.36,,0.0
35595B66EB,0FC913920F,012018,1400/00132,2018-01-05,1,35371.0,18,3183.39,3183.39,,0.0
DA889E1B83,2588C207C5,012018,VJ2900359216,2018-01-14,1801,635579.0,18,,,114404.22,0.0
A688617A12,F887B76D41,012018,FGS/17/P/18903,2018-01-06,1,160000.0,28,0.0,0.0,44800.0,0.0
B64AAF6835,FA8D45A223,012018,8953026846,2018-01-20,1,64602.15,28,0.0,0.0,18088.6,0.0
099952F740,1C8E655C92,012018,MTH00908,2018-01-02,1801,17618.11,18,1585.63,1585.63,,0.0
65B11036F4,79D06279B2,012018,EI0300000056,2018-01-01,1,22784.0,18,2051.0,2051.0,,
2242D4F292,DE082D3E0E,012018,ST0980005740,2017-12-29,1201,335105.0,12,,,40212.6,0.0
5DA0527958,9460E90BF6,012018,ATS/JAN-18/5481,2018-01-06,2,4368.0,18,393.12,393.12,,0.0
5DA0527958,E53FEB2CEB,012018,MT/GJ10573/1718,2018-01-08,1801,4700.0,18,,,846.0,0.0
B64AAF6835,0379FAAB49,012018,GIPL170517,2018-01-11,501,102552.0,5,,,5127.6,0.0
FC98F4B861,AACD64F8C9,012018,2919,2018-01-31,1801,23961.0,18,2156.49,2156.49,,0.0
B64AAF6835,FA8D45A223,012018,8953028603,2018-01-29,1,65359.5,28,0.0,0.0,18300.66,0.0
CADC29DB4C,23473A935F,012018,6167,2018-01-12,2801,2184.0,28,305.76,305.76,,0.0
A7215054CB,DF0F9DDD32,012018,HRK1700225017-18,2018-01-31,1,395777.5,18,0.0,0.0,71239.95,0.0
B64AAF6835,FA8D45A223,012018,8952031527,2018-01-16,1,38768.1,28,0.0,0.0,10855.07,0.0
A7D3CEE190,47074418A9,012018,GR9101,2018-01-10,501,29779.5,5,744.49,744.49,,0.0
B64AAF6835,FA8D45A223,012018,8953026713,2018-01-19,1,67067.25,28,0.0,0.0,18778.83,0.0
B64AAF6835,FA8D45A223,012018,8953024746,2018-01-09,1,111484.25,28,0.0,0.0,31215.59,0.0
7505EF1EFB,BE8EB1B8C5,012018,2017/BW/3021,2018-01-23,2800,1154.69,28,161.66,161.66,,
A5227F3731,B77A5168B0,012018,NDCPB0002353133,2018-01-10,1,9773.0,18,879.57,879.57,0.0,0.0
A515052EAE,A5122A6629,012018,G867948,2018-01-12,1201,1447663.51,12,,,173719.62,0.0
446822C03B,10F39EBDD1,012018,2120,2018-01-11,1,199602.9,18,,,35928.52,0.0
A688617A12,F887B76D41,012018,FGS/17/P/18867,2018-01-06,1,140000.0,28,0.0,0.0,39200.0,0.0
A2A1EFDBE6,40EC92E469,012018,27,2018-01-18,1801,25000.0,18,2250.0,2250.0,,0.0
6920AA6331,6148D59F12,012018,GFRT/1718/0413,2018-01-18,1801,69200.0,18,,,12456.0,0.0
96213E7C2C,EFFF14DCCC,012018,1138456044,2018-01-22,2801,403643.63,28,,,113020.22,0.0
446822C03B,347D746C11,012018,2017511295,2018-01-12,1,192276.0,18,0.0,0.0,34609.68,0.0
FAB06B8D5F,85D78C23F7,012018,LTS1414P01,2018-01-10,3,242688.84,18,,,43683.99,0.0
C87EDD8683,C4A867F4C8,012018,INVRJ0000002048,2018-01-15,1801,85244.0,18,,,15343.92,0.0
73D046461A,C5BA1A4E07,012018,InvoiceG670,2018-01-09,1,44825.0,18,0.0,0.0,8068.5,0.0
824D0342B8,44488227D3,012018,7105000258,2018-01-06,501,2817000.0,5,,,140850.0,0.0
824D0342B8,4D0958D30E,012018,PBPO0005431025,2018-01-01,1,30.0,18,2.7,2.7,,
D1E5EC11B3,DC6919BD4C,012018,INC/IN/PB/45,2018-01-12,1,604535.0,18,54408.15,54408.15,,
A7215054CB,DF0F9DDD32,012018,HRK1700219617-18,2018-01-28,1,211205.0,18,0.0,0.0,38016.9,0.0
D1E5EC11B3,97CA7DEE94,012018,ATQ/295/17-18,2018-01-16,1800,316863.0,18,28517.67,28517.67,,
B017546699,B58672D7A7,012018,60M,2018-01-01,2801,12491.42,28,1748.8,1748.8,,0.0
86DFEB0A3F,D025848585,012018,1092200165,2018-01-03,1801,1210315.0,18,,,217856.7,0.0
0B1F7470CA,E7F4F90419,012018,1470074815,2018-01-06,1,3663178.57,28,,,1025690.0,
776BBCB820,65FFDFC2FF,012018,PBM17GSR613,2018-01-24,1,767910.0,18,69111.9,69111.9,0.0,0.0
0F08B6DF08,41074F3B58,012018,2118704230000949,2018-01-23,1,77429.18,18,0.0,0.0,13937.25,0.0
9B80ACFC15,FF9663FB7A,012018,1801030123466718,2018-01-18,1,92.0,18,8.28,8.28,0.0,0.0
CADC29DB4C,23473A935F,012018,6356,2018-01-17,2801,2065.0,28,289.1,289.1,,0.0
C1C058DFB2,AE0A9BBC49,012018,P/17-18/1293,2018-01-08,1,1307700.0,18,0.0,0.0,235386.0,0.0
446822C03B,21D79BDA25,012018,4017506814,2018-01-12,1800,215913.55,18,,,38864.44,0.0
388BE0B69C,53A820D597,012018,1997,2018-01-04,1,2232.0,12,133.92,133.92,,0.0
BE46B01E78,DF8E0B2CFF,012018,20894,2018-01-24,1201,2900.0,12,174.0,174.0,,0.0
D549CF5003,B4FA749917,012018,SR-725,2018-01-03,501,966.0,5,24.15,24.15,,0.0
ED1A30241D,0706A88AA2,012018,T49/18/201388,2018-01-24,1,2943000.0,12,0.0,0.0,353160.0,0.0
7505EF1EFB,FD76A4EB15,012018,IL800044-800044,2018-01-08,101,700.0,18,63.0,63.0,0.0,0.0
62CD3BF990,79555279E7,012018,05023,2018-01-16,1,37560.6,12,2253.64,2253.64,,0.0
0B1F7470CA,E7F4F90419,012018,1470074981,2018-01-09,1,337117.86,28,,,94393.0,
65B11036F4,8A3A467E72,012018,031801G10006707,2018-01-03,1,5250.0,18,472.5,472.5,,0.0
C15EA8D5A2,F13D0F42B5,012018,104328,2018-01-31,1801,22145.0,18,,,3986.1,0.0
A7D3CEE190,FE75D160C8,012018,1118840576,2018-01-09,1,3004908.95,12,,,360589.05,
824D0342B8,D068540190,012018,2018MI8134000067,2018-01-25,1,109.01,12,0.0,0.0,13.08,0.0
BE46B01E78,9974A974F3,012018,PB6840061204,2018-01-09,1,167139.0,18,15042.51,15042.51,,
A2A1EFDBE6,0FF6759AB7,012018,4610040169,2018-01-10,1,2318.4,18,208.66,208.66,,
C87EDD8683,84C0482D7C,012018,INVKA0000005510,2018-01-24,2801,2129.0,28,,,596.12,0.0
9B80ACFC15,B77A5168B0,012018,NDCPB0002096409,2018-01-03,1,750.41,18,67.54,67.54,0.0,0.0
FAB06B8D5F,2D2E2716BD,012018,50026,2018-01-31,1,526715.0,18,47404.35,47404.35,0.0,0.0
0B1F7470CA,47B312026B,012018,1117149393,2018-01-10,1,1958100.0,28,,,548268.0,
86DFEB0A3F,D025848585,012018,1092200224,2018-01-20,1801,1043375.0,18,,,187807.5,0.0
79D06279B2,8BEA123CA0,012018,66911010,2018-01-04,1800,13574560.0,18,1221710.4,1221710.4,,
B64AAF6835,D9B866F615,012018,1546,2018-01-18,1,1500.0,12,90.0,90.0,,0.0
8381D0626D,038C888B45,012018,5462008978,2018-01-03,1,294721.52,12,,,35366.58,
824D0342B8,7136B8B1A2,012018,KA01088819,2018-01-06,1,8655.56,18,,,1558.0,0.0
388BE0B69C,4D0958D30E,012018,PBPO0005579695,2018-01-05,1,549.0,18,49.41,49.41,,
6920AA6331,6186DCE398,012018,1020,2018-01-12,2,766466.0,0,0.0,0.0,,0.0
7505EF1EFB,BDBDF35051,012018,003/BI/17001073,2018-01-29,1,2904.1,18,261.37,261.37,,0.0
446822C03B,10F39EBDD1,012018,2114,2018-01-09,1,169155.0,18,,,30447.9,0.0
A5227F3731,FAB06B8D5F,012018,226489485,2018-01-19,1801,3500.0,18,315.0,315.0,,0.0
D549CF5003,3B485CC84E,012018,000318110129,2018-01-31,1,472359.4,18,42512.35,42512.35,0.0,0.0
C44FFF7C7A,3F56DB3FF6,012018,T-578,2018-01-21,101,63530.04,12,3811.8,3811.8,0.0,0.0
62CD3BF990,81C09067E8,012018,9181128398,2018-01-31,1,185600.0,18,,,33408.0,0.0
F4F23F71CC,5BE3D3B917,012018,IPB00DDLX0019667,2018-01-11,1,3000.0,18,270.0,270.0,,
8E3F4A0679,AEF42FEA6F,012018,M0001363,2018-01-31,1801,40921.8,18,,,7365.92,0.0
7505EF1EFB,7499F49445,012018,PPL-9456,2018-01-18,1,10400.0,18,936.0,936.0,,
DA889E1B83,2588C207C5,012018,VJ2900357747,2018-01-13,1801,643909.0,18,,,115903.62,0.0
D1E5EC11B3,B77A5168B0,012018,NDCPB0002268934,2018-01-04,1,294.0,18,26.46,26.46,0.0,0.0
E7A5A47B46,8A3A467E72,012018,031801G10007066,2018-01-03,1,8000.01,18,720.0,720.0,,0.0
824D0342B8,7F2AE81659,012018,513206,2018-01-07,1,51327.0,12,0.0,0.0,6159.24,0.0
2B8494EEE3,5D2B474AB5,012018,1701008132,2018-01-30,1,2208222.0,28,0.0,0.0,618302.16,0.0
96213E7C2C,EFFF14DCCC,012018,1138455747,2018-01-08,2801,236576.88,28,,,66241.53,0.0
5C969D6AB5,A703C98615,012018,TX0000018832,2018-01-08,1801,830960.0,18,,,149572.8,0.0
776BBCB820,1B6B55C913,012018,878,2018-01-25,1,413.0,18,37.17,37.17,,0.0
776BBCB820,C853364A18,012018,120,2018-01-21,1,4680.0,18,421.2,421.2,,0.0
CADC29DB4C,23473A935F,012018,6167,2018-01-12,1801,1898.0,18,170.82,170.82,,0.0
6FE8449522,8328674CEA,012018,3000775073,2018-01-12,1,670006.86,12,0.0,0.0,80400.82,0.0
2242D4F292,DE082D3E0E,012018,ST0980005847,2018-01-03,501,487935.0,5,,,24396.75,0.0
73D046461A,811F50180F,012018,364/17-18,2018-01-30,1,116895.0,18,,,21041.1,0.0
A7D3CEE190,D4C0864609,012018,TML/PP/1718/2009,2018-01-30,1,1202647.5,12,0.0,0.0,144317.7,0.0
F86C95E8BD,47823CFC87,012018,978,2018-01-25,1,41090.0,0,,,,
6920AA6331,7433F02759,012018,R-1026,2018-01-30,1,1544967.3,0,0.0,0.0,,
B64AAF6835,FA8D45A223,012018,8953024807,2018-01-10,1,66890.55,28,0.0,0.0,18729.35,0.0
B64AAF6835,FA8D45A223,012018,8953028513,2018-01-29,1,111778.75,28,0.0,0.0,31298.05,0.0
B64AAF6835,FA8D45A223,012018,8953026795,2018-01-20,1,67067.25,28,0.0,0.0,18778.83,0.0
8381D0626D,038C888B45,012018,5462009050,2018-01-05,1,754002.88,12,,,90480.35,
A5227F3731,79AA2416B8,012018,LUD/17/TI/G1060,2018-01-09,1801,4554.0,18,409.86,409.86,,0.0
5DA0527958,1B430C667D,012018,ICN-2017-18-3993,2018-01-24,1801,2376.5,18,,,427.77,0.0
39CBE490DA,B77A5168B0,012018,NDCPB0002241148,2018-01-04,1,1420.2,18,127.82,127.82,0.0,0.0
A7215054CB,DF0F9DDD32,012018,HRK1700210217-18,2018-01-21,1,215577.5,18,0.0,0.0,38803.95,0.0
B64AAF6835,3A231AF03F,012018,8910209625,2018-01-03,1,3539859.34,28,0.0,0.0,991160.62,0.0
824D0342B8,6A5AF1B7B2,012018,IF/GST/1718/1271,2018-01-23,1801,150000.0,18,,,27000.0,0.0
C0CDC4F754,2284A7FA27,012018,COMM/00259,2018-01-15,1801,10183.0,18,,,1832.94,0.0
73D046461A,8333E8F2F1,012018,577,2018-01-23,1,289.0,18,26.01,26.01,,0.0
0B1F7470CA,622D69225D,012018,1132023066,2018-01-24,1,284725.0,28,,,79723.0,
5DA0527958,9460E90BF6,012018,ATS/JAN-18/5413,2018-01-06,2,4368.0,18,393.12,393.12,,0.0
446822C03B,21D79BDA25,012018,4017506754,2018-01-10,1800,217763.51,18,,,39197.43,0.0
65B11036F4,9BAEE7B4ED,012018,0078404/00012734,2018-01-31,1,4125.89,18,,,742.66,0.0
8E3F4A0679,B77A5168B0,012018,NDCPB0002071259,2018-01-03,1,1591.2,18,143.21,143.21,0.0,0.0
1480269030,68D316FF83,012018,004430003930,2018-01-03,1,33872.25,12,0.0,0.0,4064.67,0.0
A688617A12,7E4B9FB459,012018,FGP/17/P/11018,2018-01-07,2801,135000.0,28,,,37800.0,0.0
44C4210B8E,FF8FCB55FB,012018,DH741476,2018-01-11,2,45.0,18,,,8.1,0.0
B017546699,3583C5D44F,012018,0104311312,2018-01-18,1,770000.0,28,0.0,0.0,215600.0,0.0
DA889E1B83,2588C207C5,012018,VJ2900357725,2018-01-13,1801,792607.0,18,,,142669.26,0.0
5A4FC8F226,7ABAFC99B5,012018,DPL/05509,2018-01-18,1801,610194.5,18,,,109835.01,0.0
0F08B6DF08,41074F3B58,012018,2118704230000848,2018-01-12,1,359.69,28,0.0,0.0,100.71,0.0
C1C058DFB2,F0B3C6AB89,012018,T-699,2018-01-15,101,2057.0,18,185.13,185.13,0.0,0.0
8749F52DE8,728E9479B6,012018,VK230,2018-01-18,1,25456.12,28,3563.86,3563.86,,0.0
D418B1AEB2,EA85C8B67E,012018,9079,2018-01-16,1800,5400.0,18,486.0,486.0,,
39CBE490DA,9CEC803134,012018,02/CIVIL/093,2018-01-24,1801,11434.0,18,1029.06,1029.06,,0.0
446822C03B,7D85CEBCBA,012018,SIUTSP171802568,2018-01-21,1,592570.29,18,,,106662.65,0.0
65B11036F4,342C35FFBB,012018,KO1718ASDEC00130,2018-01-08,1,22.9,18,0.0,0.0,4.12,0.0
44C4210B8E,0038162EB9,012018,RCH-011718-00090,2018-01-12,1,1950.0,12,0.0,0.0,234.0,0.0
62CD3BF990,A99F0E58FF,012018,3706034327,2018-01-11,1,7359.95,5,0.0,0.0,368.0,
824D0342B8,87862601C2,012018,941116178,2018-01-22,2,343200.0,12,0.0,0.0,41184.0,0.0
D418B1AEB2,E56C3EE59E,012018,8131,2018-01-09,1,3200.0,18,288.0,288.0,0.0,0.0
5DA0527958,9460E90BF6,012018,ATS/JAN-18/6209,2018-01-19,2,5820.0,18,523.8,523.8,,0.0
B017546699,49D058A6EC,012018,B-W63204110118L,2018-01-11,1801,6947.72,18,625.29,625.29,,0.0
6920AA6331,39B0C7E7D9,012018,31,2018-01-04,1,1545053.0,0,0.0,0.0,,
099952F740,B44DF05F8D,012018,1006,2018-01-27,1,21168.0,18,1905.12,1905.12,,0.0
5A4FC8F226,AA67FDC3A6,012018,04B045/20449,2018-01-10,1,41515.2,5,,,2075.76,5804.0
B64AAF6835,FA8D45A223,012018,8953026470,2018-01-18,1,66751.65,28,0.0,0.0,18690.46,0.0
824D0342B8,1ACC315CEE,012018,1007883736,2018-01-14,1,321480.0,12,0.0,0.0,38577.6,0.0
8749F52DE8,DCF03AB2ED,012018,346508320170774,2018-01-10,1,31060.0,18,2795.4,2795.4,,0.0
B64AAF6835,FA8D45A223,012018,8953025029,2018-01-11,1,111484.25,28,0.0,0.0,31215.59,0.0
B64AAF6835,A877326445,012018,GST-11613,2018-01-09,1801,2880.4,18,259.24,259.24,,0.0
8381D0626D,038C888B45,012018,5462009097,2018-01-06,1,841803.37,12,,,101016.4,
B64AAF6835,FA8D45A223,012018,8953026947,2018-01-21,1,67067.25,28,0.0,0.0,18778.83,0.0
0FF6759AB7,88AC7B72E0,012018,NT17181400101008,2018-01-31,1,200.0,18,18.0,18.0,,0.0
DA889E1B83,2588C207C5,012018,VJ2900352951,2018-01-11,1801,589743.0,18,,,106153.74,0.0
C9202698C4,E382D5165F,012018,HP772409439,2018-01-25,1,741262.05,18,0.0,0.0,133427.17,0.0
BE46B01E78,9D153A1309,012018,CHINC102061718,2018-01-16,1,5427.98,18,0.0,0.0,977.04,0.0
388BE0B69C,4D0958D30E,012018,PBPO0005579688,2018-01-05,1,499.0,18,44.91,44.91,,
5A4FC8F226,AA67FDC3A6,012018,04B045/20860,2018-01-13,1,42173.26,5,,,2108.66,5896.0
62CD3BF990,79555279E7,012018,04864,2018-01-10,1,83820.0,12,5029.2,5029.2,,0.0
35595B66EB,E81BC4EE3A,012018,2344FMBIL0008156,2018-01-22,1,2711.86,18,244.07,244.07,,0.0
5A4FC8F226,48B55849A5,012018,MH1171801CL95175,2018-01-29,1,7452.0,5,0.0,0.0,372.6,0.0
388BE0B69C,882D250C46,012018,3604734010164475,2018-01-03,1,303.0,5,,,15.15,
6FE8449522,1415E8E5AE,012018,3000890621,2018-01-07,1,773989.06,5,0.0,0.0,38699.45,0.0
FC98F4B861,1E475E40C7,012018,2/2018,2018-01-01,1800,125567.0,18,11301.0,11301.0,,
62CD3BF990,A99F0E58FF,012018,3706036372,2018-01-19,1,481962.0,18,0.0,0.0,86753.16,
44C4210B8E,3E0E2181F4,012018,ISB/61/2017-18,2018-01-16,500,4048.0,5,101.0,101.0,,
8381D0626D,11D87D3B83,012018,UMAX/17-18/3630,2018-01-23,1801,388471.0,18,,,69924.78,0.0
79D06279B2,B60C2F307C,012018,00120E117002165,2018-01-29,1801,1180.0,18,,,212.4,0.0
5DA0527958,9460E90BF6,012018,ATS/JAN-18/6181,2018-01-19,2,2425.0,18,218.25,218.25,,0.0
5C969D6AB5,A703C98615,012018,TX0000018835,2018-01-08,1801,830960.0,18,,,149572.8,0.0
79D06279B2,D48D06EA13,012018,T-925,2018-01-25,101,169.0,18,15.21,15.21,0.0,0.0
CED3A7832E,E4ADFC569C,012018,3860017957,2018-01-07,1,43200.0,18,,,7776.0,
2DCA4E61B2,506D9447B5,012018,SI0217253905,2018-01-11,1,555753.1,12,,,66690.37,0.0
5DA0527958,E3BC147A86,012018,5216002634,2018-01-10,1,24937.0,18,0.0,0.0,4488.66,0.0
D418B1AEB2,B77A5168B0,012018,NDCPB0002344648,2018-01-05,1,240.0,18,21.6,21.6,0.0,0.0
CED3A7832E,5F1B6F28DC,012018,3570034554,2018-01-17,1,37520.0,18,,,6753.6,
6FE8449522,B7DCABFD9A,012018,3001922645,2018-01-17,2,9737.23,12,0.0,0.0,1168.47,0.0
C0CDC4F754,CA2B65EED4,012018,CHD7205286,2018-01-13,1,292.0,18,,,52.56,0.0
2242D4F292,DE082D3E0E,012018,ST0980006515,2018-01-25,1201,39538.0,12,,,4744.56,0.0
6FE8449522,B7DCABFD9A,012018,3001922630,2018-01-10,1,319064.26,5,0.0,0.0,15953.21,0.0
D418B1AEB2,F537F66C73,012018,GSTW-1317,2018-01-31,1201,2250.0,12,135.0,135.0,,0.0
62CD3BF990,A99F0E58FF,012018,3706035181,2018-01-15,2,160341.6,18,0.0,0.0,28861.49,
B0F3BF1BCF,6A913EF0F8,012018,PB/JAN18/022,2018-01-01,1801,75664.0,18,6809.76,6809.76,,0.0
5DA0527958,E53FEB2CEB,012018,MT/GJ10516/1718,2018-01-08,1801,4700.0,18,,,846.0,0.0
099952F740,B44DF05F8D,012018,1035,2018-01-31,1,1248.96,18,112.41,112.41,,0.0
7505EF1EFB,5B6249A8AE,012018,007/BI/17002318,2018-01-23,1801,36589.88,18,3293.09,3293.09,,0.0
65B11036F4,AF9D266A03,012018,573,2018-01-09,1800,38000.0,18,,,6840.0,
A5227F3731,B77A5168B0,012018,NDCPB0002269584,2018-01-04,1,392.0,18,35.28,35.28,0.0,0.0
6920AA6331,6148D59F12,012018,RGDG/1718/0766,2018-01-07,501,970870.0,5,,,48543.5,0.0
C87EDD8683,2B2064FACB,012018,INVTN0000013846,2018-01-08,2801,57976.0,28,,,16233.28,0.0
A2A1EFDBE6,0FF6759AB7,012018,4610044740,2018-01-30,1,25018.0,18,2251.62,2251.62,,
A688617A12,7E4B9FB459,012018,FGP/17/P/11852,2018-01-25,2801,180000.0,28,,,50400.0,0.0
A688617A12,F887B76D41,012018,FGS/17/P/19764,2018-01-15,1,120000.0,28,0.0,0.0,33600.0,0.0
62CD3BF990,A99F0E58FF,012018,3706034947,2018-01-14,2,48672.0,18,0.0,0.0,8760.96,
446822C03B,10F39EBDD1,012018,2205,2018-01-20,1,219096.0,18,,,39437.28,0.0
6920AA6331,6186DCE398,012018,1156,2018-01-18,2,6915800.0,0,0.0,0.0,,0.0
E9A71DE9AC,02F3848640,012018,J9IMA41974,2018-01-19,1,11485.61,18,0.0,0.0,2067.41,0.0
44C4210B8E,C20BCA39CA,012018,2023,2018-01-16,501,7518.0,5,187.95,187.95,,0.0
C87EDD8683,2B2064FACB,012018,INVTN0000013920,2018-01-09,2801,1541.0,28,,,431.48,0.0
776BBCB820,0F7D7CD530,012018,5396201762,2018-01-08,1,6284.96,18,,,1131.29,
A5227F3731,E7B13D0F4D,012018,HR2170611477,2018-01-23,1,9107.0,18,0.0,0.0,1639.26,0.0
D418B1AEB2,8749F52DE8,012018,03NGI0014542,2018-01-30,1,1549449.0,18,139450.41,139450.41,,
CADC29DB4C,73EEF189B2,012018,PB/2017-18/00519,2018-01-31,1,2251.04,18,202.59,202.59,,0.0
A688617A12,F887B76D41,012018,FGS/17/P/19655,2018-01-14,1,120000.0,28,0.0,0.0,33600.0,0.0
0F08B6DF08,784446341A,012018,OI/JAN18-006676,2018-01-01,1,27039.0,28,2460.55,2460.55,0.0,527.25
776BBCB820,0F7D7CD530,012018,5396202076,2018-01-09,1,2094.99,18,,,377.1,
7505EF1EFB,80A562AA56,012018,10820CA18V10520,2018-01-06,1,2953.12,28,413.44,413.44,,0.0
D418B1AEB2,F581F637ED,012018,CP-1898,2018-01-13,101,15000.0,18,1350.0,1350.0,0.0,0.0
5A4FC8F226,FF6352A0D9,012018,9918012257081104,2018-01-20,1,9624782.0,5,,,481239.1,
8749F52DE8,617194568B,012018,2228/2017-18,2018-01-09,501,37255.0,5,931.38,931.38,,0.0
A688617A12,F887B76D41,012018,FGS/17/P/20254,2018-01-20,1,120000.0,28,0.0,0.0,33600.0,0.0
A7215054CB,F8698DC0A9,012018,1378,2018-01-25,1,2315.0,18,208.35,208.35,,0.0
C9202698C4,E382D5165F,012018,HP772409305,2018-01-22,1,860563.72,18,0.0,0.0,154901.47,0.0
D2D5838FE3,C726DF5010,012018,572,2018-01-15,2,45750.0,5,1143.75,1143.75,,0.0
F4E518B376,C29B2C5339,012018,SSS/17-18/620,2018-01-01,1800,8268.0,18,,,1488.24,
6920AA6331,B3E083CAB4,012018,GS/NA/0741,2018-01-14,501,970870.0,5,,,48543.5,0.0
CADC29DB4C,515D10E17B,012018,1718/W/18740,2018-01-31,1801,1300.0,18,117.0,117.0,,0.0
5DA0527958,1B430C667D,012018,ICN-2017-18-4074,2018-01-24,1801,2376.5,18,,,427.77,0.0
F4F23F71CC,5BE3D3B917,012018,IPB00DDLE0021451,2018-01-29,1,1200.0,18,108.0,108.0,,
B64AAF6835,C09D5ACE3D,012018,043-2272/17-BER,2018-01-12,1,39383.77,28,5513.73,5513.73,,
B64AAF6835,FA8D45A223,012018,8953025022,2018-01-11,1,111778.75,28,0.0,0.0,31298.05,0.0
A688617A12,F887B76D41,012018,FGS/17/P/19526,2018-01-12,1,220000.0,28,0.0,0.0,61600.0,0.0
7505EF1EFB,10C1556A7C,012018,ABIB/18/CH/00009,2018-01-31,1,1577.26,18,,,283.91,0.0
9B80ACFC15,3D32927D57,012018,39481211,2018-01-01,1,809.0,18,72.81,72.81,,0.0
B64AAF6835,FA8D45A223,012018,8953026469,2018-01-18,1,66751.65,28,0.0,0.0,18690.46,0.0
65B11036F4,5A0A77B04E,012018,BH1718ASDEC00129,2018-01-08,1,144.5,18,0.0,0.0,26.01,0.0
0B1F7470CA,E7F4F90419,012018,1129310286,2018-01-08,1,456775.0,28,,,127897.0,
B64AAF6835,FA8D45A223,012018,8952031248,2018-01-14,1,38768.1,28,0.0,0.0,10855.07,0.0
86DFEB0A3F,507FDBAC1E,012018,9918010344710022,2018-01-18,1,50000.0,5,1250.0,1250.0,,
E7A5A47B46,0010215452,012018,235,2018-01-29,1,1975.0,18,,,355.5,0.0
A688617A12,F887B76D41,012018,FGS/17/P/18828,2018-01-06,1,248000.0,28,0.0,0.0,69440.0,0.0
C1C058DFB2,4954D8982D,012018,QACA1718/05448,2018-01-12,1801,10500.0,18,,,1890.0,0.0
ED1A30241D,61D070FF8B,012018,FO/5946,2018-01-30,1,2781.0,18,250.29,250.29,,0.0
F4E518B376,2ABC13B202,012018,8066,2018-01-25,1,5600.0,18,0.0,0.0,1008.0,0.0
0FF6759AB7,EAEB4709CB,012018,4540081337,2018-01-18,1,837167.68,5,,,41858.38,
0F08B6DF08,E306607037,012018,2118702230004784,2018-01-11,1,27170.37,18,0.0,0.0,4890.67,0.0
0F08B6DF08,E306607037,012018,2118702230004820,2018-01-15,1,2453.02,18,0.0,0.0,441.54,0.0
5A4FC8F226,AA67FDC3A6,012018,04B045/21092,2018-01-14,1,42316.32,5,,,2115.82,5916.0
5DA0527958,4246D1ABC7,012018,DEL-NCRAS-4357,2018-01-11,1201,40500.0,12,,,4860.0,0.0
B64AAF6835,FA8D45A223,012018,8952034275,2018-01-28,1,38768.1,28,0.0,0.0,10855.07,0.0
824D0342B8,87862601C2,012018,941115601,2018-01-16,2,233578.0,12,0.0,0.0,28029.36,0.0
5A4FC8F226,85CC09F240,012018,17180365,2018-01-11,1,39800.0,18,,,7164.0,0.0
A7215054CB,CE63A61789,012018,189,2018-01-08,1801,16852.0,18,1516.68,1516.68,,0.0
D2D5838FE3,B5626ED147,012018,0573,2018-01-25,1,16409.0,18,1476.81,1476.81,,
DA889E1B83,2588C207C5,012018,VJ2900376471,2018-01-23,1801,1178940.0,18,,,212209.2,0.0
FAB06B8D5F,85D78C23F7,012018,LTS1405P01,2018-01-10,3,1473.35,28,,,412.54,0.0
6920AA6331,B3E083CAB4,012018,FR/NA/0337,2018-01-31,1801,64499.0,18,,,11609.82,0.0
B64AAF6835,FA8D45A223,012018,8953028664,2018-01-30,1,111778.75,28,0.0,0.0,31298.05,0.0
2DCA4E61B2,36C3806FBE,012018,139,2018-01-31,1201,24392.31,12,1463.54,1463.54,,0.0
0F08B6DF08,6146A35BF4,012018,D-117,2018-01-23,1801,51600.0,18,,,9288.0,0.0
73D046461A,418E3CFC45,012018,031801RT01160,2018-01-12,1,390.0,18,35.1,35.1,,
6920AA6331,FAB06B8D5F,012018,862178462,2018-01-12,1801,18857.89,18,1697.21,1697.21,,0.0
86DFEB0A3F,133048A1BD,012018,WC/17-18/58,2018-01-19,1800,103354.0,18,9301.86,9301.86,,
824D0342B8,1ACC315CEE,012018,1007883844,2018-01-20,1,1373184.0,18,0.0,0.0,247173.12,0.0
78A8EE90F6,93749D7A88,012018,FIE212,2018-01-30,1,42990.0,18,0.0,0.0,7738.2,0.0
C0CDC4F754,CA2B65EED4,012018,CHD7102552,2018-01-19,1,292.0,18,,,52.56,0.0
5A4FC8F226,AA67FDC3A6,012018,04B045/20662,2018-01-12,1,41429.37,5,,,2071.47,5792.0
62CD3BF990,A99F0E58FF,012018,3706035678,2018-01-17,1,583440.0,5,0.0,0.0,29172.0,
776BBCB820,D025848585,012018,1092200270,2018-01-30,1801,1210315.0,18,,,217856.7,0.0
CED3A7832E,B8BB8AC648,012018,9265058523,2018-01-12,2,360870.0,18,,,64956.6,
A688617A12,F887B76D41,012018,FGR/17/P/46574,2018-01-18,1,156000.0,28,0.0,0.0,43680.0,0.0
C0CDC4F754,CA2B65EED4,012018,CHD7102377,2018-01-09,1,292.0,18,,,52.56,0.0
446822C03B,5B749D4B24,012018,9717007183,2018-01-11,1801,29600.0,18,,,5328.0,0.0
80E18AC42B,C393328ACA,012018,9709600394,2018-01-25,1,1289952.0,12,0.0,0.0,154794.24,0.0
A7215054CB,A8436590AD,012018,17030461,2018-01-14,1800,390601.0,18,35154.09,35154.09,,
FC98F4B861,AACD64F8C9,012018,2921,2018-01-31,1801,23961.0,18,2156.49,2156.49,,0.0
8381D0626D,11D87D3B83,012018,UMAX/17-18/3720,2018-01-29,1801,14257.0,18,,,2566.26,0.0
0FF6759AB7,6CAF8047CD,012018,799,2018-01-31,1,80850.0,12,,,9702.0,0.0
099952F740,1C8E655C92,012018,MTH00992,2018-01-20,1801,34625.32,18,3116.28,3116.28,,0.0
65B11036F4,C1C058DFB2,012018,PBPN0118E1301474,2018-01-08,1,8415092.01,18,757358.28,757358.28,,
7505EF1EFB,BE8EB1B8C5,012018,2017/BW/3082,2018-01-29,1800,1250.0,18,112.5,112.5,,
5DA0527958,9460E90BF6,012018,ATS/JAN-18/6205,2018-01-19,2,2425.0,18,218.25,218.25,,0.0
0B1F7470CA,DC88C80F47,012018,GST-2420,2018-01-15,1,35081.0,18,3157.29,3157.29,,0.0
80E18AC42B,2116F0C5F6,012018,9190060465,2018-01-06,1,482242.34,12,0.0,0.0,57869.08,0.0
B64AAF6835,FA8D45A223,012018,8953023417,2018-01-02,1,67067.25,28,0.0,0.0,18778.83,0.0
B64AAF6835,C09D5ACE3D,012018,022-9122/17-BER,2018-01-10,1,1011.75,28,141.65,141.65,,
CED3A7832E,5541305AD9,012018,9295057105,2018-01-16,2801,97200.0,28,,,27216.0,0.0
C1C058DFB2,3FD3824118,012018,1690,2018-01-13,1800,9650.0,18,,,1737.0,
B64AAF6835,4BD4B1EDEA,012018,HCD4142,2018-01-15,1801,37826.0,18,,,6808.68,0.0
B64AAF6835,FA8D45A223,012018,8952034415,2018-01-29,1,38768.1,28,0.0,0.0,10855.07,0.0
E9A71DE9AC,C10B575C89,012018,GDT44447019856,2018-01-22,1801,17276.68,18,,,3109.8,0.0
B64AAF6835,FA8D45A223,012018,8953023250,2018-01-01,1,67420.65,28,0.0,0.0,18877.78,0.0
86DFEB0A3F,507FDBAC1E,012018,1704NW0000552638,2018-01-22,1,50000.0,5,1250.0,1250.0,,
D2D5838FE3,79555279E7,012018,04883,2018-01-10,1,134399.36,12,8063.96,8063.96,,0.0
824D0342B8,CC34071F6E,012018,N704532,2018-01-17,1801,408375.0,18,,,73507.5,0.0
C44FFF7C7A,EA43336246,012018,DS1001105603,2018-01-13,1,328913.0,18,0.0,0.0,59204.0,0.0
7505EF1EFB,126885DC21,012018,PB-011933,2018-01-09,2,825.0,18,74.25,74.25,,0.0
A688617A12,F887B76D41,012018,FGR/17/P/47738,2018-01-21,1,56000.0,28,0.0,0.0,15680.0,0.0
80E18AC42B,5C9B9B1B48,012018,2804201546,2018-01-04,1,90590.0,5,0.0,0.0,4529.5,0.0
6920AA6331,B3E083CAB4,012018,GS/NA/0740,2018-01-14,501,970870.0,5,,,48543.5,0.0
446822C03B,1CAF12526E,012018,001634,2018-01-03,1,126818.0,18,,,22827.24,0.0
7EC06C0F12,98DBA6A4C3,012018,24113001127973,2018-01-30,1,95740.0,18,0.0,0.0,17233.0,0.0
7EC06C0F12,98DBA6A4C3,012018,24113003079093,2018-01-24,1,1529280.0,18,0.0,0.0,275270.0,0.0
1480269030,68D316FF83,012018,004440049678,2018-01-12,1,5082.33,18,0.0,0.0,914.82,0.0
65B11036F4,B7C26BE811,012018,INDE71718GSM0156,2018-01-03,1,3655.23,18,0.0,0.0,657.94,0.0
446822C03B,7D85CEBCBA,012018,SIUTSP171802598,2018-01-23,1,181264.33,18,,,32627.58,0.0
446822C03B,0E83A52B50,012018,SISCHE-1718-2014,2018-01-16,1801,26317.79,18,,,4737.2,0.0
44C4210B8E,FF8FCB55FB,012018,DH741274,2018-01-10,2,45.0,18,,,8.1,0.0
776BBCB820,0F7D7CD530,012018,5396201887,2018-01-09,1,6284.96,18,,,1131.29,
D418B1AEB2,2BCCE05A8C,012018,150/1718CU/00304,2018-01-31,3,25616.4,18,0.0,0.0,4610.95,0.0
2DCA4E61B2,426B731AB3,012018,01407/17-18,2018-01-13,1,825.0,18,,,148.5,0.0
0F08B6DF08,E306607037,012018,2118702230004972,2018-01-22,1,27113.45,18,0.0,0.0,4880.42,0.0
65B11036F4,19DDE6289E,012018,104,2018-01-02,1800,27000.0,18,,,4860.0,
A7215054CB,049F644063,012018,166,2018-01-28,101,511505.8,0,0.0,0.0,0.0,0.0
A515052EAE,772771B390,012018,A856007,2018-01-10,1801,7323.33,18,,,1318.2,0.0
A7D3CEE190,FE75D160C8,012018,1118728367,2018-01-13,1,4464467.84,12,,,535736.16,
7505EF1EFB,7D1D2B2F65,012018,005/BI/17000723,2018-01-27,2801,2101.5,28,294.21,294.21,,0.0
D418B1AEB2,026AFB2397,012018,03114000000144,2018-01-31,1,437000.0,18,39330.0,39330.0,0.0,0.0
2DCA4E61B2,9B4ADE50F2,012018,7838,2018-01-19,1,44910.0,12,,,5389.2,0.0
80E18AC42B,17B935A796,012018,2017-18/0180,2018-01-24,1200,978608.0,12,,,117432.96,
C44FFF7C7A,6EE9E1C62F,012018,28,2018-01-05,1200,49484.0,12,2969.04,2969.04,,
446822C03B,21D79BDA25,012018,4017506750,2018-01-10,1800,215913.55,18,,,38864.44,0.0
0FF6759AB7,EAEB4709CB,012018,4540084571,2018-01-28,1,820302.53,5,,,41015.13,
FC98F4B861,E86BDECB95,012018,87,2018-01-05,1,20000.0,18,1800.0,1800.0,,0.0
62CD3BF990,1D916FB203,012018,3702012716,2018-01-07,1801,59617.04,18,,,10731.07,0.0
80E18AC42B,8210C22D80,012018,996,2018-01-11,1201,233352.0,12,,,28002.24,0.0
6920AA6331,97981AEB36,012018,2135,2018-01-31,1,127.12,18,11.44,11.44,,0.0
5C969D6AB5,A703C98615,012018,TX0000018680,2018-01-07,1801,830960.0,18,,,149572.8,0.0
D1E5EC11B3,B77A5168B0,012018,NDCPB0002270018,2018-01-04,1,1234.2,18,111.08,111.08,0.0,0.0
B64AAF6835,3A231AF03F,012018,419312752,2018-01-25,1,609389.91,28,0.0,0.0,170629.09,0.0
A7215054CB,97B2C10BAC,012018,RAJ1700184517-18,2018-01-24,1,243005.0,18,0.0,0.0,43740.9,0.0
78A8EE90F6,93749D7A88,012018,FID392,2018-01-02,1,14310.0,18,0.0,0.0,2575.8,0.0
A7D3CEE190,FE75D160C8,012018,1118728574,2018-01-18,1,2427766.06,12,,,291331.94,
A5227F3731,399AED2086,012018,2017-18000120546,2018-01-20,1801,206.0,18,,,37.08,0.0
